{
    "symbol": "ADBE",
    "annualReports": [
        {
            "fiscalDateEnding": "2024-11-29",
            "reportedCurrency": "USD",
            "grossProfit": "19147000000",
            "totalRevenue": "21505000000",
            "costOfRevenue": "2358000000",
            "costofGoodsAndServicesSold": "167000000",
            "operatingIncome": "6741000000",
            "sellingGeneralAndAdministrative": "7293000000",
            "researchAndDevelopment": "3944000000",
            "operatingExpenses": "12406000000",
            "investmentIncomeNet": "341000000",
            "netInterestIncome": "None",
            "interestIncome": "None",
            "interestExpense": "None",
            "nonInterestIncome": "-29000000",
            "otherNonOperatingIncome": "311000000",
            "depreciation": "None",
            "depreciationAndAmortization": "575000000",
            "incomeBeforeTax": "6931000000",
            "incomeTaxExpense": "1371000000",
            "interestAndDebtExpense": "169000000",
            "netIncomeFromContinuingOperations": "5560000000",
            "comprehensiveIncomeNetOfTax": "5644000000",
            "ebit": "6741000000",
            "ebitda": "7316000000",
            "netIncome": "5560000000"
        },
        {
            "fiscalDateEnding": "2023-12-01",
            "reportedCurrency": "USD",
            "grossProfit": "17055000000",
            "totalRevenue": "19409000000",
            "costOfRevenue": "2354000000",
            "costofGoodsAndServicesSold": "207000000",
            "operatingIncome": "6650000000",
            "sellingGeneralAndAdministrative": "6764000000",
            "researchAndDevelopment": "3473000000",
            "operatingExpenses": "10405000000",
            "investmentIncomeNet": "269000000",
            "netInterestIncome": "-113000000",
            "interestIncome": "None",
            "interestExpense": "113000000",
            "nonInterestIncome": "-17000000",
            "otherNonOperatingIncome": "246000000",
            "depreciation": "None",
            "depreciationAndAmortization": "610000000",
            "incomeBeforeTax": "6799000000",
            "incomeTaxExpense": "1371000000",
            "interestAndDebtExpense": "113000000",
            "netIncomeFromContinuingOperations": "5428000000",
            "comprehensiveIncomeNetOfTax": "5436000000",
            "ebit": "6912000000",
            "ebitda": "7522000000",
            "netIncome": "5428000000"
        },
        {
            "fiscalDateEnding": "2022-12-02",
            "reportedCurrency": "USD",
            "grossProfit": "15441000000",
            "totalRevenue": "17606000000",
            "costOfRevenue": "2165000000",
            "costofGoodsAndServicesSold": "236000000",
            "operatingIncome": "6098000000",
            "sellingGeneralAndAdministrative": "6187000000",
            "researchAndDevelopment": "2987000000",
            "operatingExpenses": "9343000000",
            "investmentIncomeNet": "61000000",
            "netInterestIncome": "-112000000",
            "interestIncome": "None",
            "interestExpense": "112000000",
            "nonInterestIncome": "-21000000",
            "otherNonOperatingIncome": "41000000",
            "depreciation": "None",
            "depreciationAndAmortization": "594000000",
            "incomeBeforeTax": "6008000000",
            "incomeTaxExpense": "1252000000",
            "interestAndDebtExpense": "112000000",
            "netIncomeFromContinuingOperations": "4756000000",
            "comprehensiveIncomeNetOfTax": "4600000000",
            "ebit": "6120000000",
            "ebitda": "6714000000",
            "netIncome": "4756000000"
        },
        {
            "fiscalDateEnding": "2021-12-03",
            "reportedCurrency": "USD",
            "grossProfit": "13920000000",
            "totalRevenue": "15785000000",
            "costOfRevenue": "1865000000",
            "costofGoodsAndServicesSold": "181000000",
            "operatingIncome": "5802000000",
            "sellingGeneralAndAdministrative": "5406000000",
            "researchAndDevelopment": "2540000000",
            "operatingExpenses": "8118000000",
            "investmentIncomeNet": "17000000",
            "netInterestIncome": "-113000000",
            "interestIncome": "None",
            "interestExpense": "113000000",
            "nonInterestIncome": "-17000000",
            "otherNonOperatingIncome": "0",
            "depreciation": "None",
            "depreciationAndAmortization": "561000000",
            "incomeBeforeTax": "5705000000",
            "incomeTaxExpense": "883000000",
            "interestAndDebtExpense": "113000000",
            "netIncomeFromContinuingOperations": "4822000000",
            "comprehensiveIncomeNetOfTax": "4843000000",
            "ebit": "5818000000",
            "ebitda": "6379000000",
            "netIncome": "4822000000"
        },
        {
            "fiscalDateEnding": "2020-11-27",
            "reportedCurrency": "USD",
            "grossProfit": "11146000000",
            "totalRevenue": "12868000000",
            "costOfRevenue": "1722000000",
            "costofGoodsAndServicesSold": "205000000",
            "operatingIncome": "4237000000",
            "sellingGeneralAndAdministrative": "4559000000",
            "researchAndDevelopment": "2188000000",
            "operatingExpenses": "6909000000",
            "investmentIncomeNet": "43000000",
            "netInterestIncome": "-116000000",
            "interestIncome": "None",
            "interestExpense": "116000000",
            "nonInterestIncome": "-2000000",
            "otherNonOperatingIncome": "42000000",
            "depreciation": "None",
            "depreciationAndAmortization": "559000000",
            "incomeBeforeTax": "4176000000",
            "incomeTaxExpense": "-1084000000",
            "interestAndDebtExpense": "116000000",
            "netIncomeFromContinuingOperations": "5260000000",
            "comprehensiveIncomeNetOfTax": "5290000000",
            "ebit": "4292000000",
            "ebitda": "4851000000",
            "netIncome": "5260000000"
        },
        {
            "fiscalDateEnding": "2019-11-29",
            "reportedCurrency": "USD",
            "grossProfit": "9498000000",
            "totalRevenue": "11171000000",
            "costOfRevenue": "1673000000",
            "costofGoodsAndServicesSold": "227000000",
            "operatingIncome": "3268000000",
            "sellingGeneralAndAdministrative": "4124984000",
            "researchAndDevelopment": "1930228000",
            "operatingExpenses": "6230000000",
            "investmentIncomeNet": "68321000",
            "netInterestIncome": "-157214000",
            "interestIncome": "-214000",
            "interestExpense": "157000000",
            "nonInterestIncome": "-26252000",
            "otherNonOperatingIncome": "42255000",
            "depreciation": "None",
            "depreciationAndAmortization": "575400000",
            "incomeBeforeTax": "3205000000",
            "incomeTaxExpense": "254000000",
            "interestAndDebtExpense": "157214000",
            "netIncomeFromContinuingOperations": "2951458000",
            "comprehensiveIncomeNetOfTax": "2911000000",
            "ebit": "3362000000",
            "ebitda": "3937400000",
            "netIncome": "2951000000"
        },
        {
            "fiscalDateEnding": "2018-11-30",
            "reportedCurrency": "USD",
            "grossProfit": "7835000000",
            "totalRevenue": "9030000000",
            "costOfRevenue": "1195000000",
            "costofGoodsAndServicesSold": "91300000",
            "operatingIncome": "2840000000",
            "sellingGeneralAndAdministrative": "3365727000",
            "researchAndDevelopment": "1537812000",
            "operatingExpenses": "4995000000",
            "investmentIncomeNet": "92540000",
            "netInterestIncome": "-89242000",
            "interestIncome": "-242000",
            "interestExpense": "89000000",
            "nonInterestIncome": "-42612000",
            "otherNonOperatingIncome": "39536000",
            "depreciation": "None",
            "depreciationAndAmortization": "339700000",
            "incomeBeforeTax": "2794000000",
            "incomeTaxExpense": "203000000",
            "interestAndDebtExpense": "89242000",
            "netIncomeFromContinuingOperations": "2590774000",
            "comprehensiveIncomeNetOfTax": "2555000000",
            "ebit": "2883000000",
            "ebitda": "3222700000",
            "netIncome": "2591000000"
        },
        {
            "fiscalDateEnding": "2017-12-01",
            "reportedCurrency": "USD",
            "grossProfit": "6291014000",
            "totalRevenue": "7301505000",
            "costOfRevenue": "1010491000",
            "costofGoodsAndServicesSold": "76100000",
            "operatingIncome": "2168095000",
            "sellingGeneralAndAdministrative": "2822298000",
            "researchAndDevelopment": "1224059000",
            "operatingExpenses": "4122919000",
            "investmentIncomeNet": "66069000",
            "netInterestIncome": "-74402000",
            "interestIncome": "None",
            "interestExpense": "74402000",
            "nonInterestIncome": "-30705000",
            "otherNonOperatingIncome": "83000",
            "depreciation": "None",
            "depreciationAndAmortization": "310500000",
            "incomeBeforeTax": "2137641000",
            "incomeTaxExpense": "443687000",
            "interestAndDebtExpense": "74402000",
            "netIncomeFromContinuingOperations": "1693954000",
            "comprehensiveIncomeNetOfTax": "1755735000",
            "ebit": "2212043000",
            "ebitda": "2522543000",
            "netIncome": "1693954000"
        },
        {
            "fiscalDateEnding": "2016-12-02",
            "reportedCurrency": "USD",
            "grossProfit": "5034522000",
            "totalRevenue": "5854430000",
            "costOfRevenue": "819908000",
            "costofGoodsAndServicesSold": "819908000",
            "operatingIncome": "1493602000",
            "sellingGeneralAndAdministrative": "2486399000",
            "researchAndDevelopment": "975987000",
            "operatingExpenses": "3540920000",
            "investmentIncomeNet": "47340000",
            "netInterestIncome": "-70442000",
            "interestIncome": "None",
            "interestExpense": "70442000",
            "nonInterestIncome": "-35716000",
            "otherNonOperatingIncome": "29000",
            "depreciation": "None",
            "depreciationAndAmortization": "310000000",
            "incomeBeforeTax": "1435138000",
            "incomeTaxExpense": "266356000",
            "interestAndDebtExpense": "70442000",
            "netIncomeFromContinuingOperations": "1168782000",
            "comprehensiveIncomeNetOfTax": "1164260000",
            "ebit": "1505580000",
            "ebitda": "1815580000",
            "netIncome": "1168782000"
        },
        {
            "fiscalDateEnding": "2015-11-27",
            "reportedCurrency": "USD",
            "grossProfit": "4051194000",
            "totalRevenue": "4795511000",
            "costOfRevenue": "744317000",
            "costofGoodsAndServicesSold": "744317000",
            "operatingIncome": "903095000",
            "sellingGeneralAndAdministrative": "2215161000",
            "researchAndDevelopment": "862730000",
            "operatingExpenses": "3148099000",
            "investmentIncomeNet": "28759000",
            "netInterestIncome": "-64184000",
            "interestIncome": "None",
            "interestExpense": "64184000",
            "nonInterestIncome": "-20130000",
            "otherNonOperatingIncome": "22325000",
            "depreciation": "None",
            "depreciationAndAmortization": "320800000",
            "incomeBeforeTax": "873781000",
            "incomeTaxExpense": "244230000",
            "interestAndDebtExpense": "64184000",
            "netIncomeFromContinuingOperations": "629551000",
            "comprehensiveIncomeNetOfTax": "468565000",
            "ebit": "937965000",
            "ebitda": "1258765000",
            "netIncome": "629551000"
        },
        {
            "fiscalDateEnding": "2014-11-28",
            "reportedCurrency": "USD",
            "grossProfit": "3524985000",
            "totalRevenue": "4147065000",
            "costOfRevenue": "622080000",
            "costofGoodsAndServicesSold": "622080000",
            "operatingIncome": "412685000",
            "sellingGeneralAndAdministrative": "2195640000",
            "researchAndDevelopment": "844353000",
            "operatingExpenses": "3112300000",
            "investmentIncomeNet": "21355000",
            "netInterestIncome": "-59732000",
            "interestIncome": "None",
            "interestExpense": "59732000",
            "nonInterestIncome": "-18840000",
            "otherNonOperatingIncome": "825000",
            "depreciation": "None",
            "depreciationAndAmortization": "296900000",
            "incomeBeforeTax": "361376000",
            "incomeTaxExpense": "92981000",
            "interestAndDebtExpense": "59732000",
            "netIncomeFromContinuingOperations": "268395000",
            "comprehensiveIncomeNetOfTax": "214198000",
            "ebit": "421108000",
            "ebitda": "718008000",
            "netIncome": "268395000"
        },
        {
            "fiscalDateEnding": "2013-11-29",
            "reportedCurrency": "USD",
            "grossProfit": "3468683000",
            "totalRevenue": "4055240000",
            "costOfRevenue": "586557000",
            "costofGoodsAndServicesSold": "586557000",
            "operatingIncome": "422723000",
            "sellingGeneralAndAdministrative": "2140578000",
            "researchAndDevelopment": "826631000",
            "operatingExpenses": "3045960000",
            "investmentIncomeNet": "21887000",
            "netInterestIncome": "-67508000",
            "interestIncome": "None",
            "interestExpense": "67508000",
            "nonInterestIncome": "-23760000",
            "otherNonOperatingIncome": "1042000",
            "depreciation": "None",
            "depreciationAndAmortization": "301600000",
            "incomeBeforeTax": "356141000",
            "incomeTaxExpense": "66156000",
            "interestAndDebtExpense": "67508000",
            "netIncomeFromContinuingOperations": "289985000",
            "comprehensiveIncomeNetOfTax": "305376000",
            "ebit": "423649000",
            "ebitda": "725249000",
            "netIncome": "289985000"
        },
        {
            "fiscalDateEnding": "2012-11-30",
            "reportedCurrency": "USD",
            "grossProfit": "3919895000",
            "totalRevenue": "4403677000",
            "costOfRevenue": "483782000",
            "costofGoodsAndServicesSold": "483782000",
            "operatingIncome": "1180191000",
            "sellingGeneralAndAdministrative": "1951141000",
            "researchAndDevelopment": "742823000",
            "operatingExpenses": "2739704000",
            "investmentIncomeNet": "24549000",
            "netInterestIncome": "-67487000",
            "interestIncome": "None",
            "interestExpense": "67487000",
            "nonInterestIncome": "-32544000",
            "otherNonOperatingIncome": "594000",
            "depreciation": "None",
            "depreciationAndAmortization": "280600000",
            "incomeBeforeTax": "1118794000",
            "incomeTaxExpense": "286019000",
            "interestAndDebtExpense": "67487000",
            "netIncomeFromContinuingOperations": "832775000",
            "comprehensiveIncomeNetOfTax": "833537000",
            "ebit": "1186281000",
            "ebitda": "1466881000",
            "netIncome": "832775000"
        },
        {
            "fiscalDateEnding": "2011-12-02",
            "reportedCurrency": "USD",
            "grossProfit": "3778385000",
            "totalRevenue": "4216258000",
            "costOfRevenue": "437873000",
            "costofGoodsAndServicesSold": "437873000",
            "operatingIncome": "1099299000",
            "sellingGeneralAndAdministrative": "1800427000",
            "researchAndDevelopment": "738053000",
            "operatingExpenses": "2679086000",
            "investmentIncomeNet": "24506000",
            "netInterestIncome": "-66952000",
            "interestIncome": "None",
            "interestExpense": "66952000",
            "nonInterestIncome": "-44998000",
            "otherNonOperatingIncome": "912000",
            "depreciation": "None",
            "depreciationAndAmortization": "249000000",
            "incomeBeforeTax": "1035230000",
            "incomeTaxExpense": "202383000",
            "interestAndDebtExpense": "66952000",
            "netIncomeFromContinuingOperations": "832847000",
            "comprehensiveIncomeNetOfTax": "845369000",
            "ebit": "1102182000",
            "ebitda": "1351182000",
            "netIncome": "832847000"
        },
        {
            "fiscalDateEnding": "2010-12-03",
            "reportedCurrency": "USD",
            "grossProfit": "3396498000",
            "totalRevenue": "3800000000",
            "costOfRevenue": "403502000",
            "costofGoodsAndServicesSold": "403502000",
            "operatingIncome": "993074000",
            "sellingGeneralAndAdministrative": "1627696000",
            "researchAndDevelopment": "680332000",
            "operatingExpenses": "2403424000",
            "investmentIncomeNet": "21923000",
            "netInterestIncome": "-56952000",
            "interestIncome": "None",
            "interestExpense": "56952000",
            "nonInterestIncome": "-13622000",
            "otherNonOperatingIncome": "1211000",
            "depreciation": "None",
            "depreciationAndAmortization": "292738000",
            "incomeBeforeTax": "943151000",
            "incomeTaxExpense": "168471000",
            "interestAndDebtExpense": "56952000",
            "netIncomeFromContinuingOperations": "774680000",
            "comprehensiveIncomeNetOfTax": "767662000",
            "ebit": "1000103000",
            "ebitda": "1292841000",
            "netIncome": "774680000"
        },
        {
            "fiscalDateEnding": "2009-11-27",
            "reportedCurrency": "USD",
            "grossProfit": "2649121000",
            "totalRevenue": "2945853000",
            "costOfRevenue": "296732000",
            "costofGoodsAndServicesSold": "296732000",
            "operatingIncome": "690513000",
            "sellingGeneralAndAdministrative": "1280652000",
            "researchAndDevelopment": "565141000",
            "operatingExpenses": "1958608000",
            "investmentIncomeNet": "34978000",
            "netInterestIncome": "-3407000",
            "interestIncome": "None",
            "interestExpense": "3407000",
            "nonInterestIncome": "-13420000",
            "otherNonOperatingIncome": "1070000",
            "depreciation": "None",
            "depreciationAndAmortization": "282423000",
            "incomeBeforeTax": "701520000",
            "incomeTaxExpense": "315012000",
            "interestAndDebtExpense": "3407000",
            "netIncomeFromContinuingOperations": "386508000",
            "comprehensiveIncomeNetOfTax": "353732000",
            "ebit": "704927000",
            "ebitda": "987350000",
            "netIncome": "386508000"
        }
    ],
    "quarterlyReports": [
        {
            "fiscalDateEnding": "2024-11-29",
            "reportedCurrency": "USD",
            "grossProfit": "4990000000",
            "totalRevenue": "5606000000",
            "costOfRevenue": "616000000",
            "costofGoodsAndServicesSold": "42000000",
            "operatingIncome": "1957000000",
            "sellingGeneralAndAdministrative": "1992000000",
            "researchAndDevelopment": "999000000",
            "operatingExpenses": "3033000000",
            "investmentIncomeNet": "None",
            "netInterestIncome": "None",
            "interestIncome": "None",
            "interestExpense": "None",
            "nonInterestIncome": "None",
            "otherNonOperatingIncome": "70000000",
            "depreciation": "None",
            "depreciationAndAmortization": "323000000",
            "incomeBeforeTax": "1991000000",
            "incomeTaxExpense": "308000000",
            "interestAndDebtExpense": "50000000",
            "netIncomeFromContinuingOperations": "1683000000",
            "comprehensiveIncomeNetOfTax": "1791000000",
            "ebit": "1957000000",
            "ebitda": "2280000000",
            "netIncome": "1683000000"
        },
        {
            "fiscalDateEnding": "2024-08-30",
            "reportedCurrency": "USD",
            "grossProfit": "4854000000",
            "totalRevenue": "5408000000",
            "costOfRevenue": "554000000",
            "costofGoodsAndServicesSold": "41000000",
            "operatingIncome": "1992000000",
            "sellingGeneralAndAdministrative": "1797000000",
            "researchAndDevelopment": "1022000000",
            "operatingExpenses": "2862000000",
            "investmentIncomeNet": "None",
            "netInterestIncome": "None",
            "interestIncome": "None",
            "interestExpense": "None",
            "nonInterestIncome": "None",
            "otherNonOperatingIncome": "89000000",
            "depreciation": "None",
            "depreciationAndAmortization": "84000000",
            "incomeBeforeTax": "2042000000",
            "incomeTaxExpense": "358000000",
            "interestAndDebtExpense": "51000000",
            "netIncomeFromContinuingOperations": "1684000000",
            "comprehensiveIncomeNetOfTax": "1651000000",
            "ebit": "1992000000",
            "ebitda": "2076000000",
            "netIncome": "1684000000"
        },
        {
            "fiscalDateEnding": "2024-05-31",
            "reportedCurrency": "USD",
            "grossProfit": "4711000000",
            "totalRevenue": "5309000000",
            "costOfRevenue": "598000000",
            "costofGoodsAndServicesSold": "42000000",
            "operatingIncome": "1885000000",
            "sellingGeneralAndAdministrative": "1800000000",
            "researchAndDevelopment": "984000000",
            "operatingExpenses": "2826000000",
            "investmentIncomeNet": "None",
            "netInterestIncome": "None",
            "interestIncome": "None",
            "interestExpense": "41000000",
            "nonInterestIncome": "None",
            "otherNonOperatingIncome": "82000000",
            "depreciation": "None",
            "depreciationAndAmortization": "84000000",
            "incomeBeforeTax": "1930000000",
            "incomeTaxExpense": "357000000",
            "interestAndDebtExpense": "41000000",
            "netIncomeFromContinuingOperations": "1573000000",
            "comprehensiveIncomeNetOfTax": "1574000000",
            "ebit": "1971000000",
            "ebitda": "2055000000",
            "netIncome": "1573000000"
        },
        {
            "fiscalDateEnding": "2024-03-01",
            "reportedCurrency": "USD",
            "grossProfit": "4592000000",
            "totalRevenue": "5182000000",
            "costOfRevenue": "590000000",
            "costofGoodsAndServicesSold": "42000000",
            "operatingIncome": "907000000",
            "sellingGeneralAndAdministrative": "1704000000",
            "researchAndDevelopment": "939000000",
            "operatingExpenses": "3685000000",
            "investmentIncomeNet": "None",
            "netInterestIncome": "-27000000",
            "interestIncome": "None",
            "interestExpense": "27000000",
            "nonInterestIncome": "None",
            "otherNonOperatingIncome": "70000000",
            "depreciation": "None",
            "depreciationAndAmortization": "84000000",
            "incomeBeforeTax": "968000000",
            "incomeTaxExpense": "348000000",
            "interestAndDebtExpense": "27000000",
            "netIncomeFromContinuingOperations": "620000000",
            "comprehensiveIncomeNetOfTax": "628000000",
            "ebit": "995000000",
            "ebitda": "1079000000",
            "netIncome": "620000000"
        },
        {
            "fiscalDateEnding": "2023-12-01",
            "reportedCurrency": "USD",
            "grossProfit": "4414000000",
            "totalRevenue": "5048000000",
            "costOfRevenue": "634000000",
            "costofGoodsAndServicesSold": "49000000",
            "operatingIncome": "1743000000",
            "sellingGeneralAndAdministrative": "1740000000",
            "researchAndDevelopment": "889000000",
            "operatingExpenses": "2671000000",
            "investmentIncomeNet": "None",
            "netInterestIncome": "-28000000",
            "interestIncome": "None",
            "interestExpense": "28000000",
            "nonInterestIncome": "None",
            "otherNonOperatingIncome": "89000000",
            "depreciation": "None",
            "depreciationAndAmortization": "326000000",
            "incomeBeforeTax": "1808000000",
            "incomeTaxExpense": "325000000",
            "interestAndDebtExpense": "28000000",
            "netIncomeFromContinuingOperations": "1483000000",
            "comprehensiveIncomeNetOfTax": "1483000000",
            "ebit": "1836000000",
            "ebitda": "2162000000",
            "netIncome": "1483000000"
        },
        {
            "fiscalDateEnding": "2023-09-01",
            "reportedCurrency": "USD",
            "grossProfit": "4310000000",
            "totalRevenue": "4890000000",
            "costOfRevenue": "580000000",
            "costofGoodsAndServicesSold": "50000000",
            "operatingIncome": "1697000000",
            "sellingGeneralAndAdministrative": "1690000000",
            "researchAndDevelopment": "881000000",
            "operatingExpenses": "2613000000",
            "investmentIncomeNet": "None",
            "netInterestIncome": "-27000000",
            "interestIncome": "None",
            "interestExpense": "27000000",
            "nonInterestIncome": "None",
            "otherNonOperatingIncome": "67000000",
            "depreciation": "None",
            "depreciationAndAmortization": "92000000",
            "incomeBeforeTax": "1743000000",
            "incomeTaxExpense": "340000000",
            "interestAndDebtExpense": "27000000",
            "netIncomeFromContinuingOperations": "1403000000",
            "comprehensiveIncomeNetOfTax": "1415000000",
            "ebit": "1770000000",
            "ebitda": "1862000000",
            "netIncome": "1403000000"
        },
        {
            "fiscalDateEnding": "2023-06-02",
            "reportedCurrency": "USD",
            "grossProfit": "4244000000",
            "totalRevenue": "4816000000",
            "costOfRevenue": "572000000",
            "costofGoodsAndServicesSold": "54000000",
            "operatingIncome": "1624000000",
            "sellingGeneralAndAdministrative": "1702000000",
            "researchAndDevelopment": "876000000",
            "operatingExpenses": "2620000000",
            "investmentIncomeNet": "None",
            "netInterestIncome": "None",
            "interestIncome": "None",
            "interestExpense": "26000000",
            "nonInterestIncome": "None",
            "otherNonOperatingIncome": "47000000",
            "depreciation": "None",
            "depreciationAndAmortization": "96000000",
            "incomeBeforeTax": "1650000000",
            "incomeTaxExpense": "355000000",
            "interestAndDebtExpense": "None",
            "netIncomeFromContinuingOperations": "1295000000",
            "comprehensiveIncomeNetOfTax": "1305000000",
            "ebit": "1676000000",
            "ebitda": "1772000000",
            "netIncome": "1295000000"
        },
        {
            "fiscalDateEnding": "2023-03-03",
            "reportedCurrency": "USD",
            "grossProfit": "4087000000",
            "totalRevenue": "4655000000",
            "costOfRevenue": "568000000",
            "costofGoodsAndServicesSold": "54000000",
            "operatingIncome": "1586000000",
            "sellingGeneralAndAdministrative": "1632000000",
            "researchAndDevelopment": "827000000",
            "operatingExpenses": "2501000000",
            "investmentIncomeNet": "None",
            "netInterestIncome": "-32000000",
            "interestIncome": "None",
            "interestExpense": "32000000",
            "nonInterestIncome": "None",
            "otherNonOperatingIncome": "43000000",
            "depreciation": "None",
            "depreciationAndAmortization": "96000000",
            "incomeBeforeTax": "1598000000",
            "incomeTaxExpense": "351000000",
            "interestAndDebtExpense": "32000000",
            "netIncomeFromContinuingOperations": "1247000000",
            "comprehensiveIncomeNetOfTax": "1233000000",
            "ebit": "1630000000",
            "ebitda": "1726000000",
            "netIncome": "1247000000"
        },
        {
            "fiscalDateEnding": "2022-12-02",
            "reportedCurrency": "USD",
            "grossProfit": "3957000000",
            "totalRevenue": "4525000000",
            "costOfRevenue": "568000000",
            "costofGoodsAndServicesSold": "60000000",
            "operatingIncome": "1505000000",
            "sellingGeneralAndAdministrative": "1637000000",
            "researchAndDevelopment": "773000000",
            "operatingExpenses": "2452000000",
            "investmentIncomeNet": "None",
            "netInterestIncome": "-28000000",
            "interestIncome": "None",
            "interestExpense": "28000000",
            "nonInterestIncome": "None",
            "otherNonOperatingIncome": "36000000",
            "depreciation": "None",
            "depreciationAndAmortization": "291000000",
            "incomeBeforeTax": "1517000000",
            "incomeTaxExpense": "341000000",
            "interestAndDebtExpense": "28000000",
            "netIncomeFromContinuingOperations": "1176000000",
            "comprehensiveIncomeNetOfTax": "1107000000",
            "ebit": "1545000000",
            "ebitda": "1836000000",
            "netIncome": "1176000000"
        },
        {
            "fiscalDateEnding": "2022-09-02",
            "reportedCurrency": "USD",
            "grossProfit": "3887000000",
            "totalRevenue": "4433000000",
            "costOfRevenue": "546000000",
            "costofGoodsAndServicesSold": "58000000",
            "operatingIncome": "1484000000",
            "sellingGeneralAndAdministrative": "1585000000",
            "researchAndDevelopment": "775000000",
            "operatingExpenses": "2403000000",
            "investmentIncomeNet": "None",
            "netInterestIncome": "-28000000",
            "interestIncome": "None",
            "interestExpense": "28000000",
            "nonInterestIncome": "None",
            "otherNonOperatingIncome": "6000000",
            "depreciation": "None",
            "depreciationAndAmortization": "101000000",
            "incomeBeforeTax": "1456000000",
            "incomeTaxExpense": "320000000",
            "interestAndDebtExpense": "28000000",
            "netIncomeFromContinuingOperations": "1136000000",
            "comprehensiveIncomeNetOfTax": "1107000000",
            "ebit": "1484000000",
            "ebitda": "1585000000",
            "netIncome": "1136000000"
        },
        {
            "fiscalDateEnding": "2022-06-03",
            "reportedCurrency": "USD",
            "grossProfit": "3847000000",
            "totalRevenue": "4386000000",
            "costOfRevenue": "539000000",
            "costofGoodsAndServicesSold": "59000000",
            "operatingIncome": "1529000000",
            "sellingGeneralAndAdministrative": "1538000000",
            "researchAndDevelopment": "738000000",
            "operatingExpenses": "2318000000",
            "investmentIncomeNet": "None",
            "netInterestIncome": "-28000000",
            "interestIncome": "None",
            "interestExpense": "28000000",
            "nonInterestIncome": "None",
            "otherNonOperatingIncome": "-1000000",
            "depreciation": "None",
            "depreciationAndAmortization": "101000000",
            "incomeBeforeTax": "1492000000",
            "incomeTaxExpense": "314000000",
            "interestAndDebtExpense": "28000000",
            "netIncomeFromContinuingOperations": "1178000000",
            "comprehensiveIncomeNetOfTax": "1160000000",
            "ebit": "1520000000",
            "ebitda": "1621000000",
            "netIncome": "1178000000"
        },
        {
            "fiscalDateEnding": "2022-03-04",
            "reportedCurrency": "USD",
            "grossProfit": "3750000000",
            "totalRevenue": "4262000000",
            "costOfRevenue": "512000000",
            "costofGoodsAndServicesSold": "59000000",
            "operatingIncome": "1580000000",
            "sellingGeneralAndAdministrative": "1427000000",
            "researchAndDevelopment": "701000000",
            "operatingExpenses": "2170000000",
            "investmentIncomeNet": "None",
            "netInterestIncome": "-28000000",
            "interestIncome": "None",
            "interestExpense": "28000000",
            "nonInterestIncome": "None",
            "otherNonOperatingIncome": "0",
            "depreciation": "None",
            "depreciationAndAmortization": "101000000",
            "incomeBeforeTax": "1543000000",
            "incomeTaxExpense": "277000000",
            "interestAndDebtExpense": "28000000",
            "netIncomeFromContinuingOperations": "1266000000",
            "comprehensiveIncomeNetOfTax": "1226000000",
            "ebit": "1571000000",
            "ebitda": "1672000000",
            "netIncome": "1266000000"
        },
        {
            "fiscalDateEnding": "2021-12-03",
            "reportedCurrency": "USD",
            "grossProfit": "3603000000",
            "totalRevenue": "4110000000",
            "costOfRevenue": "507000000",
            "costofGoodsAndServicesSold": "51000000",
            "operatingIncome": "1501000000",
            "sellingGeneralAndAdministrative": "1405000000",
            "researchAndDevelopment": "657000000",
            "operatingExpenses": "2102000000",
            "investmentIncomeNet": "None",
            "netInterestIncome": "-28000000",
            "interestIncome": "None",
            "interestExpense": "28000000",
            "nonInterestIncome": "None",
            "otherNonOperatingIncome": "-1000000",
            "depreciation": "None",
            "depreciationAndAmortization": "299000000",
            "incomeBeforeTax": "1468000000",
            "incomeTaxExpense": "235000000",
            "interestAndDebtExpense": "28000000",
            "netIncomeFromContinuingOperations": "1233000000",
            "comprehensiveIncomeNetOfTax": "1227000000",
            "ebit": "1496000000",
            "ebitda": "1795000000",
            "netIncome": "1233000000"
        },
        {
            "fiscalDateEnding": "2021-09-03",
            "reportedCurrency": "USD",
            "grossProfit": "3468000000",
            "totalRevenue": "3935000000",
            "costOfRevenue": "467000000",
            "costofGoodsAndServicesSold": "40000000",
            "operatingIncome": "1441000000",
            "sellingGeneralAndAdministrative": "1333000000",
            "researchAndDevelopment": "651000000",
            "operatingExpenses": "2027000000",
            "investmentIncomeNet": "None",
            "netInterestIncome": "-27000000",
            "interestIncome": "None",
            "interestExpense": "27000000",
            "nonInterestIncome": "None",
            "otherNonOperatingIncome": "-3000000",
            "depreciation": "None",
            "depreciationAndAmortization": "83000000",
            "incomeBeforeTax": "1418000000",
            "incomeTaxExpense": "206000000",
            "interestAndDebtExpense": "27000000",
            "netIncomeFromContinuingOperations": "1212000000",
            "comprehensiveIncomeNetOfTax": "1202000000",
            "ebit": "1445000000",
            "ebitda": "1528000000",
            "netIncome": "1212000000"
        },
        {
            "fiscalDateEnding": "2021-06-04",
            "reportedCurrency": "USD",
            "grossProfit": "3391000000",
            "totalRevenue": "3835000000",
            "costOfRevenue": "444000000",
            "costofGoodsAndServicesSold": "44000000",
            "operatingIncome": "1406000000",
            "sellingGeneralAndAdministrative": "1329000000",
            "researchAndDevelopment": "612000000",
            "operatingExpenses": "1985000000",
            "investmentIncomeNet": "None",
            "netInterestIncome": "-28000000",
            "interestIncome": "None",
            "interestExpense": "28000000",
            "nonInterestIncome": "None",
            "otherNonOperatingIncome": "0",
            "depreciation": "None",
            "depreciationAndAmortization": "88000000",
            "incomeBeforeTax": "1386000000",
            "incomeTaxExpense": "270000000",
            "interestAndDebtExpense": "28000000",
            "netIncomeFromContinuingOperations": "1116000000",
            "comprehensiveIncomeNetOfTax": "1136000000",
            "ebit": "1414000000",
            "ebitda": "1502000000",
            "netIncome": "1116000000"
        },
        {
            "fiscalDateEnding": "2021-03-05",
            "reportedCurrency": "USD",
            "grossProfit": "3458000000",
            "totalRevenue": "3905000000",
            "costOfRevenue": "447000000",
            "costofGoodsAndServicesSold": "45000000",
            "operatingIncome": "1454000000",
            "sellingGeneralAndAdministrative": "1339000000",
            "researchAndDevelopment": "620000000",
            "operatingExpenses": "2004000000",
            "investmentIncomeNet": "None",
            "netInterestIncome": "-30000000",
            "interestIncome": "None",
            "interestExpense": "30000000",
            "nonInterestIncome": "None",
            "otherNonOperatingIncome": "4000000",
            "depreciation": "None",
            "depreciationAndAmortization": "90000000",
            "incomeBeforeTax": "1433000000",
            "incomeTaxExpense": "172000000",
            "interestAndDebtExpense": "30000000",
            "netIncomeFromContinuingOperations": "1261000000",
            "comprehensiveIncomeNetOfTax": "1278000000",
            "ebit": "1463000000",
            "ebitda": "1553000000",
            "netIncome": "1261000000"
        },
        {
            "fiscalDateEnding": "2020-11-27",
            "reportedCurrency": "USD",
            "grossProfit": "2996000000",
            "totalRevenue": "3424000000",
            "costOfRevenue": "428000000",
            "costofGoodsAndServicesSold": "47000000",
            "operatingIncome": "1215000000",
            "sellingGeneralAndAdministrative": "1184000000",
            "researchAndDevelopment": "558000000",
            "operatingExpenses": "1781000000",
            "investmentIncomeNet": "6000000",
            "netInterestIncome": "-27000000",
            "interestIncome": "None",
            "interestExpense": "27000000",
            "nonInterestIncome": "-3000000",
            "otherNonOperatingIncome": "3000000",
            "depreciation": "None",
            "depreciationAndAmortization": "278000000",
            "incomeBeforeTax": "1197000000",
            "incomeTaxExpense": "-1053000000",
            "interestAndDebtExpense": "27000000",
            "netIncomeFromContinuingOperations": "1197000000",
            "comprehensiveIncomeNetOfTax": "2245000000",
            "ebit": "1224000000",
            "ebitda": "1502000000",
            "netIncome": "2250000000"
        },
        {
            "fiscalDateEnding": "2020-08-28",
            "reportedCurrency": "USD",
            "grossProfit": "2798000000",
            "totalRevenue": "3225000000",
            "costOfRevenue": "427000000",
            "costofGoodsAndServicesSold": "51000000",
            "operatingIncome": "1069000000",
            "sellingGeneralAndAdministrative": "1122000000",
            "researchAndDevelopment": "566000000",
            "operatingExpenses": "1729000000",
            "investmentIncomeNet": "7000000",
            "netInterestIncome": "-28000000",
            "interestIncome": "None",
            "interestExpense": "28000000",
            "nonInterestIncome": "1000000",
            "otherNonOperatingIncome": "9000000",
            "depreciation": "None",
            "depreciationAndAmortization": "92000000",
            "incomeBeforeTax": "1060000000",
            "incomeTaxExpense": "105000000",
            "interestAndDebtExpense": "28000000",
            "netIncomeFromContinuingOperations": "955000000",
            "comprehensiveIncomeNetOfTax": "997000000",
            "ebit": "1088000000",
            "ebitda": "1180000000",
            "netIncome": "955000000"
        },
        {
            "fiscalDateEnding": "2020-05-29",
            "reportedCurrency": "USD",
            "grossProfit": "2713000000",
            "totalRevenue": "3128000000",
            "costOfRevenue": "415000000",
            "costofGoodsAndServicesSold": "52000000",
            "operatingIncome": "1016000000",
            "sellingGeneralAndAdministrative": "1125000000",
            "researchAndDevelopment": "532000000",
            "operatingExpenses": "1697000000",
            "investmentIncomeNet": "11000000",
            "netInterestIncome": "-28000000",
            "interestIncome": "None",
            "interestExpense": "28000000",
            "nonInterestIncome": "1000000",
            "otherNonOperatingIncome": "12000000",
            "depreciation": "None",
            "depreciationAndAmortization": "92000000",
            "incomeBeforeTax": "1000000000",
            "incomeTaxExpense": "-100000000",
            "interestAndDebtExpense": "28000000",
            "netIncomeFromContinuingOperations": "1100000000",
            "comprehensiveIncomeNetOfTax": "1094000000",
            "ebit": "1028000000",
            "ebitda": "1120000000",
            "netIncome": "1100000000"
        },
        {
            "fiscalDateEnding": "2020-02-28",
            "reportedCurrency": "USD",
            "grossProfit": "2639000000",
            "totalRevenue": "3091000000",
            "costOfRevenue": "452000000",
            "costofGoodsAndServicesSold": "54000000",
            "operatingIncome": "937000000",
            "sellingGeneralAndAdministrative": "1128000000",
            "researchAndDevelopment": "532000000",
            "operatingExpenses": "1702000000",
            "investmentIncomeNet": "19000000",
            "netInterestIncome": "-33000000",
            "interestIncome": "None",
            "interestExpense": "33000000",
            "nonInterestIncome": "-1000000",
            "otherNonOperatingIncome": "18000000",
            "depreciation": "None",
            "depreciationAndAmortization": "96000000",
            "incomeBeforeTax": "919000000",
            "incomeTaxExpense": "-36000000",
            "interestAndDebtExpense": "33000000",
            "netIncomeFromContinuingOperations": "955000000",
            "comprehensiveIncomeNetOfTax": "954000000",
            "ebit": "952000000",
            "ebitda": "1048000000",
            "netIncome": "955000000"
        },
        {
            "fiscalDateEnding": "2019-11-29",
            "reportedCurrency": "USD",
            "grossProfit": "2540000000",
            "totalRevenue": "2992000000",
            "costOfRevenue": "452000000",
            "costofGoodsAndServicesSold": "54800000",
            "operatingIncome": "970000000",
            "sellingGeneralAndAdministrative": "1027526000",
            "researchAndDevelopment": "499806000",
            "operatingExpenses": "1570000000",
            "investmentIncomeNet": "18212000",
            "netInterestIncome": "-36515000",
            "interestIncome": "-515000",
            "interestExpense": "36000000",
            "nonInterestIncome": "588000",
            "otherNonOperatingIncome": "18255000",
            "depreciation": "None",
            "depreciationAndAmortization": "270700000",
            "incomeBeforeTax": "958000000",
            "incomeTaxExpense": "106000000",
            "interestAndDebtExpense": "36515000",
            "netIncomeFromContinuingOperations": "957147000",
            "comprehensiveIncomeNetOfTax": "857000000",
            "ebit": "994000000",
            "ebitda": "1264700000",
            "netIncome": "852000000"
        },
        {
            "fiscalDateEnding": "2019-08-30",
            "reportedCurrency": "USD",
            "grossProfit": "2418000000",
            "totalRevenue": "2834000000",
            "costOfRevenue": "416000000",
            "costofGoodsAndServicesSold": "58800000",
            "operatingIncome": "854000000",
            "sellingGeneralAndAdministrative": "1031570000",
            "researchAndDevelopment": "489827000",
            "operatingExpenses": "1564000000",
            "investmentIncomeNet": "17760000",
            "netInterestIncome": "-39529000",
            "interestIncome": "471000",
            "interestExpense": "40000000",
            "nonInterestIncome": "-1292000",
            "otherNonOperatingIncome": "17000000",
            "depreciation": "None",
            "depreciationAndAmortization": "101800000",
            "incomeBeforeTax": "835000000",
            "incomeTaxExpense": "42000000",
            "interestAndDebtExpense": "39529000",
            "netIncomeFromContinuingOperations": "792763000",
            "comprehensiveIncomeNetOfTax": "743000000",
            "ebit": "875000000",
            "ebitda": "976800000",
            "netIncome": "793000000"
        },
        {
            "fiscalDateEnding": "2019-05-31",
            "reportedCurrency": "USD",
            "grossProfit": "2337000000",
            "totalRevenue": "2744000000",
            "costOfRevenue": "407000000",
            "costofGoodsAndServicesSold": "55400000",
            "operatingIncome": "750000000",
            "sellingGeneralAndAdministrative": "1068261000",
            "researchAndDevelopment": "475958000",
            "operatingExpenses": "1587000000",
            "investmentIncomeNet": "16278000",
            "netInterestIncome": "-40577000",
            "interestIncome": "-577000",
            "interestExpense": "40000000",
            "nonInterestIncome": "-13692000",
            "otherNonOperatingIncome": "2558000",
            "depreciation": "None",
            "depreciationAndAmortization": "98400000",
            "incomeBeforeTax": "711000000",
            "incomeTaxExpense": "78000000",
            "interestAndDebtExpense": "40577000",
            "netIncomeFromContinuingOperations": "632593000",
            "comprehensiveIncomeNetOfTax": "639000000",
            "ebit": "751000000",
            "ebitda": "849400000",
            "netIncome": "633000000"
        },
        {
            "fiscalDateEnding": "2019-03-01",
            "reportedCurrency": "USD",
            "grossProfit": "2204000000",
            "totalRevenue": "2601000000",
            "costOfRevenue": "397000000",
            "costofGoodsAndServicesSold": "58000000",
            "operatingIncome": "695000000",
            "sellingGeneralAndAdministrative": "997000000",
            "researchAndDevelopment": "465000000",
            "operatingExpenses": "1509000000",
            "investmentIncomeNet": "16000000",
            "netInterestIncome": "-41000000",
            "interestIncome": "None",
            "interestExpense": "41000000",
            "nonInterestIncome": "-12000000",
            "otherNonOperatingIncome": "4000000",
            "depreciation": "None",
            "depreciationAndAmortization": "105000000",
            "incomeBeforeTax": "702000000",
            "incomeTaxExpense": "28000000",
            "interestAndDebtExpense": "41000000",
            "netIncomeFromContinuingOperations": "702334000",
            "comprehensiveIncomeNetOfTax": "672000000",
            "ebit": "743000000",
            "ebitda": "848000000",
            "netIncome": "674000000"
        },
        {
            "fiscalDateEnding": "2018-11-30",
            "reportedCurrency": "USD",
            "grossProfit": "2105364000",
            "totalRevenue": "2464625000",
            "costOfRevenue": "359262000",
            "costofGoodsAndServicesSold": "-744438000",
            "operatingIncome": "720177000",
            "sellingGeneralAndAdministrative": "935928000",
            "researchAndDevelopment": "415958000",
            "operatingExpenses": "1385178000",
            "investmentIncomeNet": "22578000",
            "netInterestIncome": "-27873000",
            "interestIncome": "-242000",
            "interestExpense": "27631000",
            "nonInterestIncome": "-12152000",
            "otherNonOperatingIncome": "9657000",
            "depreciation": "None",
            "depreciationAndAmortization": "224200000",
            "incomeBeforeTax": "699115000",
            "incomeTaxExpense": "20875000",
            "interestAndDebtExpense": "27873000",
            "netIncomeFromContinuingOperations": "699217000",
            "comprehensiveIncomeNetOfTax": "658693000",
            "ebit": "726746000",
            "ebitda": "950946000",
            "netIncome": "678240000"
        },
        {
            "fiscalDateEnding": "2018-08-31",
            "reportedCurrency": "USD",
            "grossProfit": "1995584000",
            "totalRevenue": "2291076000",
            "costOfRevenue": "295492000",
            "costofGoodsAndServicesSold": "295492000",
            "operatingIncome": "718606000",
            "sellingGeneralAndAdministrative": "854147000",
            "researchAndDevelopment": "398957000",
            "operatingExpenses": "1276978000",
            "investmentIncomeNet": "21561000",
            "netInterestIncome": "-21107000",
            "interestIncome": "None",
            "interestExpense": "21107000",
            "nonInterestIncome": "-10349000",
            "otherNonOperatingIncome": "1608000",
            "depreciation": "None",
            "depreciationAndAmortization": "47000000",
            "incomeBeforeTax": "701358000",
            "incomeTaxExpense": "35067000",
            "interestAndDebtExpense": "21107000",
            "netIncomeFromContinuingOperations": "666291000",
            "comprehensiveIncomeNetOfTax": "667473000",
            "ebit": "722465000",
            "ebitda": "769465000",
            "netIncome": "666291000"
        },
        {
            "fiscalDateEnding": "2018-06-01",
            "reportedCurrency": "USD",
            "grossProfit": "1914016000",
            "totalRevenue": "2195360000",
            "costOfRevenue": "281344000",
            "costofGoodsAndServicesSold": "17400000",
            "operatingIncome": "698484000",
            "sellingGeneralAndAdministrative": "824255000",
            "researchAndDevelopment": "374128000",
            "operatingExpenses": "1215532000",
            "investmentIncomeNet": "25771000",
            "netInterestIncome": "-20363000",
            "interestIncome": "None",
            "interestExpense": "20363000",
            "nonInterestIncome": "-14222000",
            "otherNonOperatingIncome": "11599000",
            "depreciation": "None",
            "depreciationAndAmortization": "34600000",
            "incomeBeforeTax": "690799000",
            "incomeTaxExpense": "27632000",
            "interestAndDebtExpense": "20363000",
            "netIncomeFromContinuingOperations": "690799000",
            "comprehensiveIncomeNetOfTax": "643876000",
            "ebit": "711162000",
            "ebitda": "745762000",
            "netIncome": "663167000"
        },
        {
            "fiscalDateEnding": "2018-03-02",
            "reportedCurrency": "USD",
            "grossProfit": "1820045000",
            "totalRevenue": "2078947000",
            "costOfRevenue": "258902000",
            "costofGoodsAndServicesSold": "16700000",
            "operatingIncome": "702733000",
            "sellingGeneralAndAdministrative": "751397000",
            "researchAndDevelopment": "348769000",
            "operatingExpenses": "1117312000",
            "investmentIncomeNet": "22630000",
            "netInterestIncome": "-19899000",
            "interestIncome": "None",
            "interestExpense": "19899000",
            "nonInterestIncome": "-5889000",
            "otherNonOperatingIncome": "52000",
            "depreciation": "None",
            "depreciationAndAmortization": "33900000",
            "incomeBeforeTax": "702502000",
            "incomeTaxExpense": "119426000",
            "interestAndDebtExpense": "19899000",
            "netIncomeFromContinuingOperations": "702502000",
            "comprehensiveIncomeNetOfTax": "584958000",
            "ebit": "722401000",
            "ebitda": "756301000",
            "netIncome": "583076000"
        },
        {
            "fiscalDateEnding": "2017-12-01",
            "reportedCurrency": "USD",
            "grossProfit": "1735723000",
            "totalRevenue": "2006595000",
            "costOfRevenue": "270872000",
            "costofGoodsAndServicesSold": "-663519000",
            "operatingIncome": "649340000",
            "sellingGeneralAndAdministrative": "743671000",
            "researchAndDevelopment": "324026000",
            "operatingExpenses": "1086383000",
            "investmentIncomeNet": "19516000",
            "netInterestIncome": "-19116000",
            "interestIncome": "None",
            "interestExpense": "19116000",
            "nonInterestIncome": "-9085000",
            "otherNonOperatingIncome": "11000",
            "depreciation": "None",
            "depreciationAndAmortization": "194200000",
            "incomeBeforeTax": "643012000",
            "incomeTaxExpense": "141463000",
            "interestAndDebtExpense": "19116000",
            "netIncomeFromContinuingOperations": "643012000",
            "comprehensiveIncomeNetOfTax": "488358000",
            "ebit": "662128000",
            "ebitda": "856328000",
            "netIncome": "501549000"
        },
        {
            "fiscalDateEnding": "2017-09-01",
            "reportedCurrency": "USD",
            "grossProfit": "1578152000",
            "totalRevenue": "1841074000",
            "costOfRevenue": "262922000",
            "costofGoodsAndServicesSold": "262922000",
            "operatingIncome": "545674000",
            "sellingGeneralAndAdministrative": "697495000",
            "researchAndDevelopment": "315555000",
            "operatingExpenses": "1032478000",
            "investmentIncomeNet": "17180000",
            "netInterestIncome": "-18809000",
            "interestIncome": "None",
            "interestExpense": "18809000",
            "nonInterestIncome": "-4140000",
            "otherNonOperatingIncome": "11000",
            "depreciation": "None",
            "depreciationAndAmortization": "39100000",
            "incomeBeforeTax": "541379000",
            "incomeTaxExpense": "121810000",
            "interestAndDebtExpense": "18809000",
            "netIncomeFromContinuingOperations": "541379000",
            "comprehensiveIncomeNetOfTax": "467691000",
            "ebit": "560188000",
            "ebitda": "599288000",
            "netIncome": "419569000"
        },
        {
            "fiscalDateEnding": "2017-06-02",
            "reportedCurrency": "USD",
            "grossProfit": "1532830000",
            "totalRevenue": "1772190000",
            "costOfRevenue": "239360000",
            "costofGoodsAndServicesSold": "239360000",
            "operatingIncome": "504082000",
            "sellingGeneralAndAdministrative": "710027000",
            "researchAndDevelopment": "299401000",
            "operatingExpenses": "1028748000",
            "investmentIncomeNet": "15216000",
            "netInterestIncome": "-18347000",
            "interestIncome": "None",
            "interestExpense": "18347000",
            "nonInterestIncome": "-10349000",
            "otherNonOperatingIncome": "41000",
            "depreciation": "None",
            "depreciationAndAmortization": "39100000",
            "incomeBeforeTax": "492618000",
            "incomeTaxExpense": "118228000",
            "interestAndDebtExpense": "18347000",
            "netIncomeFromContinuingOperations": "492618000",
            "comprehensiveIncomeNetOfTax": "413046000",
            "ebit": "510965000",
            "ebitda": "550065000",
            "netIncome": "374390000"
        },
        {
            "fiscalDateEnding": "2017-03-03",
            "reportedCurrency": "USD",
            "grossProfit": "1444309000",
            "totalRevenue": "1681646000",
            "costOfRevenue": "237337000",
            "costofGoodsAndServicesSold": "237337000",
            "operatingIncome": "468999000",
            "sellingGeneralAndAdministrative": "671105000",
            "researchAndDevelopment": "285077000",
            "operatingExpenses": "975310000",
            "investmentIncomeNet": "14157000",
            "netInterestIncome": "-18130000",
            "interestIncome": "None",
            "interestExpense": "18130000",
            "nonInterestIncome": "-7131000",
            "otherNonOperatingIncome": "20000",
            "depreciation": "None",
            "depreciationAndAmortization": "38100000",
            "incomeBeforeTax": "460632000",
            "incomeTaxExpense": "62186000",
            "interestAndDebtExpense": "18130000",
            "netIncomeFromContinuingOperations": "460632000",
            "comprehensiveIncomeNetOfTax": "386639000",
            "ebit": "478762000",
            "ebitda": "516862000",
            "netIncome": "398446000"
        },
        {
            "fiscalDateEnding": "2016-12-02",
            "reportedCurrency": "USD",
            "grossProfit": "1391863000",
            "totalRevenue": "1608419000",
            "costOfRevenue": "216556000",
            "costofGoodsAndServicesSold": "216556000",
            "operatingIncome": "472280000",
            "sellingGeneralAndAdministrative": "643234000",
            "researchAndDevelopment": "257849000",
            "operatingExpenses": "919583000",
            "investmentIncomeNet": "13330000",
            "netInterestIncome": "-17518000",
            "interestIncome": "None",
            "interestExpense": "17518000",
            "nonInterestIncome": "-12711000",
            "otherNonOperatingIncome": "21000",
            "depreciation": "None",
            "depreciationAndAmortization": "194600000",
            "incomeBeforeTax": "456700000",
            "incomeTaxExpense": "57087000",
            "interestAndDebtExpense": "17518000",
            "netIncomeFromContinuingOperations": "456700000",
            "comprehensiveIncomeNetOfTax": "360122000",
            "ebit": "474218000",
            "ebitda": "668818000",
            "netIncome": "399613000"
        },
        {
            "fiscalDateEnding": "2016-09-02",
            "reportedCurrency": "USD",
            "grossProfit": "1261266000",
            "totalRevenue": "1463967000",
            "costOfRevenue": "202701000",
            "costofGoodsAndServicesSold": "202701000",
            "operatingIncome": "369325000",
            "sellingGeneralAndAdministrative": "620839000",
            "researchAndDevelopment": "248450000",
            "operatingExpenses": "891941000",
            "investmentIncomeNet": "11849000",
            "netInterestIncome": "-17281000",
            "interestIncome": "None",
            "interestExpense": "17281000",
            "nonInterestIncome": "-10001000",
            "otherNonOperatingIncome": "8000",
            "depreciation": "None",
            "depreciationAndAmortization": "40000000",
            "incomeBeforeTax": "356301000",
            "incomeTaxExpense": "85513000",
            "interestAndDebtExpense": "17281000",
            "netIncomeFromContinuingOperations": "356301000",
            "comprehensiveIncomeNetOfTax": "269723000",
            "ebit": "373582000",
            "ebitda": "413582000",
            "netIncome": "270788000"
        },
        {
            "fiscalDateEnding": "2016-06-03",
            "reportedCurrency": "USD",
            "grossProfit": "1196630000",
            "totalRevenue": "1398709000",
            "costOfRevenue": "202079000",
            "costofGoodsAndServicesSold": "202079000",
            "operatingIncome": "344239000",
            "sellingGeneralAndAdministrative": "600919000",
            "researchAndDevelopment": "232484000",
            "operatingExpenses": "852391000",
            "investmentIncomeNet": "11482000",
            "netInterestIncome": "-17174000",
            "interestIncome": "None",
            "interestExpense": "17174000",
            "nonInterestIncome": "-6474000",
            "otherNonOperatingIncome": "5000",
            "depreciation": "None",
            "depreciationAndAmortization": "37800000",
            "incomeBeforeTax": "329830000",
            "incomeTaxExpense": "85756000",
            "interestAndDebtExpense": "17174000",
            "netIncomeFromContinuingOperations": "329830000",
            "comprehensiveIncomeNetOfTax": "262707000",
            "ebit": "347004000",
            "ebitda": "384804000",
            "netIncome": "244074000"
        },
        {
            "fiscalDateEnding": "2016-03-04",
            "reportedCurrency": "USD",
            "grossProfit": "1184763000",
            "totalRevenue": "1383335000",
            "costOfRevenue": "198572000",
            "costofGoodsAndServicesSold": "198572000",
            "operatingIncome": "307758000",
            "sellingGeneralAndAdministrative": "621407000",
            "researchAndDevelopment": "237204000",
            "operatingExpenses": "877005000",
            "investmentIncomeNet": "10677000",
            "netInterestIncome": "-18469000",
            "interestIncome": "None",
            "interestExpense": "18469000",
            "nonInterestIncome": "-6530000",
            "otherNonOperatingIncome": "-4000",
            "depreciation": "None",
            "depreciationAndAmortization": "37600000",
            "incomeBeforeTax": "292307000",
            "incomeTaxExpense": "38000000",
            "interestAndDebtExpense": "18469000",
            "netIncomeFromContinuingOperations": "292307000",
            "comprehensiveIncomeNetOfTax": "271708000",
            "ebit": "310776000",
            "ebitda": "348376000",
            "netIncome": "254307000"
        },
        {
            "fiscalDateEnding": "2015-11-27",
            "reportedCurrency": "USD",
            "grossProfit": "1105043000",
            "totalRevenue": "1306404000",
            "costOfRevenue": "201361000",
            "costofGoodsAndServicesSold": "201361000",
            "operatingIncome": "290434000",
            "sellingGeneralAndAdministrative": "575524000",
            "researchAndDevelopment": "220514000",
            "operatingExpenses": "814609000",
            "investmentIncomeNet": "8232000",
            "netInterestIncome": "-16515000",
            "interestIncome": "None",
            "interestExpense": "16515000",
            "nonInterestIncome": "-8200000",
            "otherNonOperatingIncome": "21542000",
            "depreciation": "None",
            "depreciationAndAmortization": "189200000",
            "incomeBeforeTax": "296940000",
            "incomeTaxExpense": "74235000",
            "interestAndDebtExpense": "16515000",
            "netIncomeFromContinuingOperations": "296940000",
            "comprehensiveIncomeNetOfTax": "194456000",
            "ebit": "313455000",
            "ebitda": "502655000",
            "netIncome": "222705000"
        },
        {
            "fiscalDateEnding": "2015-08-28",
            "reportedCurrency": "USD",
            "grossProfit": "1026783000",
            "totalRevenue": "1217768000",
            "costOfRevenue": "190985000",
            "costofGoodsAndServicesSold": "190985000",
            "operatingIncome": "246019000",
            "sellingGeneralAndAdministrative": "544609000",
            "researchAndDevelopment": "218660000",
            "operatingExpenses": "780764000",
            "investmentIncomeNet": "7394000",
            "netInterestIncome": "-16519000",
            "interestIncome": "None",
            "interestExpense": "16519000",
            "nonInterestIncome": "-3690000",
            "otherNonOperatingIncome": "159000",
            "depreciation": "None",
            "depreciationAndAmortization": "46300000",
            "incomeBeforeTax": "232619000",
            "incomeTaxExpense": "58154000",
            "interestAndDebtExpense": "16519000",
            "netIncomeFromContinuingOperations": "174465000",
            "comprehensiveIncomeNetOfTax": "163106000",
            "ebit": "249138000",
            "ebitda": "295438000",
            "netIncome": "174465000"
        },
        {
            "fiscalDateEnding": "2015-05-29",
            "reportedCurrency": "USD",
            "grossProfit": "976985000",
            "totalRevenue": "1162158000",
            "costOfRevenue": "185173000",
            "costofGoodsAndServicesSold": "185173000",
            "operatingIncome": "193617000",
            "sellingGeneralAndAdministrative": "557206000",
            "researchAndDevelopment": "208047000",
            "operatingExpenses": "783368000",
            "investmentIncomeNet": "6846000",
            "netInterestIncome": "-16605000",
            "interestIncome": "None",
            "interestExpense": "16605000",
            "nonInterestIncome": "-3994000",
            "otherNonOperatingIncome": "254000",
            "depreciation": "None",
            "depreciationAndAmortization": "45600000",
            "incomeBeforeTax": "180974000",
            "incomeTaxExpense": "33481000",
            "interestAndDebtExpense": "16605000",
            "netIncomeFromContinuingOperations": "147493000",
            "comprehensiveIncomeNetOfTax": "121831000",
            "ebit": "197579000",
            "ebitda": "243179000",
            "netIncome": "147493000"
        },
        {
            "fiscalDateEnding": "2015-02-27",
            "reportedCurrency": "USD",
            "grossProfit": "942383000",
            "totalRevenue": "1109181000",
            "costOfRevenue": "166798000",
            "costofGoodsAndServicesSold": "166798000",
            "operatingIncome": "173025000",
            "sellingGeneralAndAdministrative": "537822000",
            "researchAndDevelopment": "215509000",
            "operatingExpenses": "769358000",
            "investmentIncomeNet": "6288000",
            "netInterestIncome": "-14545000",
            "interestIncome": "None",
            "interestExpense": "14545000",
            "nonInterestIncome": "-4247000",
            "otherNonOperatingIncome": "370000",
            "depreciation": "None",
            "depreciationAndAmortization": "39500000",
            "incomeBeforeTax": "163248000",
            "incomeTaxExpense": "78360000",
            "interestAndDebtExpense": "14545000",
            "netIncomeFromContinuingOperations": "84888000",
            "comprehensiveIncomeNetOfTax": "-10828000",
            "ebit": "177793000",
            "ebitda": "217293000",
            "netIncome": "84888000"
        },
        {
            "fiscalDateEnding": "2014-11-28",
            "reportedCurrency": "USD",
            "grossProfit": "912385000",
            "totalRevenue": "1073328000",
            "costOfRevenue": "160943000",
            "costofGoodsAndServicesSold": "160943000",
            "operatingIncome": "124505000",
            "sellingGeneralAndAdministrative": "542396000",
            "researchAndDevelopment": "213687000",
            "operatingExpenses": "787880000",
            "investmentIncomeNet": "5706000",
            "netInterestIncome": "-12678000",
            "interestIncome": "None",
            "interestExpense": "12678000",
            "nonInterestIncome": "-6680000",
            "otherNonOperatingIncome": "74000",
            "depreciation": "None",
            "depreciationAndAmortization": "181800000",
            "incomeBeforeTax": "112275000",
            "incomeTaxExpense": "24139000",
            "interestAndDebtExpense": "12678000",
            "netIncomeFromContinuingOperations": "112275000",
            "comprehensiveIncomeNetOfTax": "59975000",
            "ebit": "124953000",
            "ebitda": "306753000",
            "netIncome": "88136000"
        },
        {
            "fiscalDateEnding": "2014-08-29",
            "reportedCurrency": "USD",
            "grossProfit": "847685000",
            "totalRevenue": "1005409000",
            "costOfRevenue": "157724000",
            "costofGoodsAndServicesSold": "157724000",
            "operatingIncome": "74176000",
            "sellingGeneralAndAdministrative": "548151000",
            "researchAndDevelopment": "212049000",
            "operatingExpenses": "773509000",
            "investmentIncomeNet": "5274000",
            "netInterestIncome": "-13361000",
            "interestIncome": "None",
            "interestExpense": "13361000",
            "nonInterestIncome": "-5094000",
            "otherNonOperatingIncome": "240000",
            "depreciation": "None",
            "depreciationAndAmortization": "39100000",
            "incomeBeforeTax": "62938000",
            "incomeTaxExpense": "18252000",
            "interestAndDebtExpense": "13361000",
            "netIncomeFromContinuingOperations": "44686000",
            "comprehensiveIncomeNetOfTax": "18110000",
            "ebit": "76299000",
            "ebitda": "115399000",
            "netIncome": "44686000"
        },
        {
            "fiscalDateEnding": "2014-05-30",
            "reportedCurrency": "USD",
            "grossProfit": "913304000",
            "totalRevenue": "1068208000",
            "costOfRevenue": "154904000",
            "costofGoodsAndServicesSold": "154904000",
            "operatingIncome": "135258000",
            "sellingGeneralAndAdministrative": "555968000",
            "researchAndDevelopment": "209092000",
            "operatingExpenses": "778046000",
            "investmentIncomeNet": "5240000",
            "netInterestIncome": "-17103000",
            "interestIncome": "None",
            "interestExpense": "17103000",
            "nonInterestIncome": "-4263000",
            "otherNonOperatingIncome": "335000",
            "depreciation": "None",
            "depreciationAndAmortization": "37600000",
            "incomeBeforeTax": "121271000",
            "incomeTaxExpense": "32744000",
            "interestAndDebtExpense": "17103000",
            "netIncomeFromContinuingOperations": "88527000",
            "comprehensiveIncomeNetOfTax": "78578000",
            "ebit": "138374000",
            "ebitda": "175974000",
            "netIncome": "88527000"
        },
        {
            "fiscalDateEnding": "2014-02-28",
            "reportedCurrency": "USD",
            "grossProfit": "851611000",
            "totalRevenue": "1000120000",
            "costOfRevenue": "148509000",
            "costofGoodsAndServicesSold": "148509000",
            "operatingIncome": "78746000",
            "sellingGeneralAndAdministrative": "549125000",
            "researchAndDevelopment": "209525000",
            "operatingExpenses": "772865000",
            "investmentIncomeNet": "5134000",
            "netInterestIncome": "-16590000",
            "interestIncome": "None",
            "interestExpense": "16590000",
            "nonInterestIncome": "-2803000",
            "otherNonOperatingIncome": "177000",
            "depreciation": "None",
            "depreciationAndAmortization": "41100000",
            "incomeBeforeTax": "64892000",
            "incomeTaxExpense": "17846000",
            "interestAndDebtExpense": "16590000",
            "netIncomeFromContinuingOperations": "47046000",
            "comprehensiveIncomeNetOfTax": "57535000",
            "ebit": "81482000",
            "ebitda": "122582000",
            "netIncome": "47046000"
        },
        {
            "fiscalDateEnding": "2013-11-29",
            "reportedCurrency": "USD",
            "grossProfit": "894183000",
            "totalRevenue": "1041699000",
            "costOfRevenue": "147516000",
            "costofGoodsAndServicesSold": "147516000",
            "operatingIncome": "102836000",
            "sellingGeneralAndAdministrative": "569898000",
            "researchAndDevelopment": "205196000",
            "operatingExpenses": "791347000",
            "investmentIncomeNet": "5267000",
            "netInterestIncome": "-16722000",
            "interestIncome": "None",
            "interestExpense": "16722000",
            "nonInterestIncome": "-8322000",
            "otherNonOperatingIncome": "304000",
            "depreciation": "None",
            "depreciationAndAmortization": "184500000",
            "incomeBeforeTax": "88270000",
            "incomeTaxExpense": "22950000",
            "interestAndDebtExpense": "16722000",
            "netIncomeFromContinuingOperations": "88270000",
            "comprehensiveIncomeNetOfTax": "98457000",
            "ebit": "104992000",
            "ebitda": "289492000",
            "netIncome": "65320000"
        },
        {
            "fiscalDateEnding": "2013-08-30",
            "reportedCurrency": "USD",
            "grossProfit": "848043000",
            "totalRevenue": "995119000",
            "costOfRevenue": "147076000",
            "costofGoodsAndServicesSold": "147076000",
            "operatingIncome": "110354000",
            "sellingGeneralAndAdministrative": "516716000",
            "researchAndDevelopment": "208700000",
            "operatingExpenses": "737689000",
            "investmentIncomeNet": "5332000",
            "netInterestIncome": "-16747000",
            "interestIncome": "None",
            "interestExpense": "16747000",
            "nonInterestIncome": "-3847000",
            "otherNonOperatingIncome": "293000",
            "depreciation": "None",
            "depreciationAndAmortization": "42200000",
            "incomeBeforeTax": "93260000",
            "incomeTaxExpense": "10258000",
            "interestAndDebtExpense": "16747000",
            "netIncomeFromContinuingOperations": "83002000",
            "comprehensiveIncomeNetOfTax": "68508000",
            "ebit": "110007000",
            "ebitda": "152207000",
            "netIncome": "83002000"
        },
        {
            "fiscalDateEnding": "2013-05-31",
            "reportedCurrency": "USD",
            "grossProfit": "875268000",
            "totalRevenue": "1010549000",
            "costOfRevenue": "135281000",
            "costofGoodsAndServicesSold": "135281000",
            "operatingIncome": "111309000",
            "sellingGeneralAndAdministrative": "523078000",
            "researchAndDevelopment": "203097000",
            "operatingExpenses": "763959000",
            "investmentIncomeNet": "5606000",
            "netInterestIncome": "-17205000",
            "interestIncome": "None",
            "interestExpense": "17205000",
            "nonInterestIncome": "-5418000",
            "otherNonOperatingIncome": "293000",
            "depreciation": "None",
            "depreciationAndAmortization": "37500000",
            "incomeBeforeTax": "91127000",
            "incomeTaxExpense": "14581000",
            "interestAndDebtExpense": "17205000",
            "netIncomeFromContinuingOperations": "76546000",
            "comprehensiveIncomeNetOfTax": "63897000",
            "ebit": "108332000",
            "ebitda": "145832000",
            "netIncome": "76546000"
        },
        {
            "fiscalDateEnding": "2013-03-01",
            "reportedCurrency": "USD",
            "grossProfit": "851189000",
            "totalRevenue": "1007873000",
            "costOfRevenue": "156684000",
            "costofGoodsAndServicesSold": "156684000",
            "operatingIncome": "98224000",
            "sellingGeneralAndAdministrative": "530886000",
            "researchAndDevelopment": "209638000",
            "operatingExpenses": "752965000",
            "investmentIncomeNet": "5681000",
            "netInterestIncome": "-16834000",
            "interestIncome": "None",
            "interestExpense": "16834000",
            "nonInterestIncome": "-6174000",
            "otherNonOperatingIncome": "155000",
            "depreciation": "None",
            "depreciationAndAmortization": "38600000",
            "incomeBeforeTax": "83484000",
            "incomeTaxExpense": "18367000",
            "interestAndDebtExpense": "16834000",
            "netIncomeFromContinuingOperations": "83484000",
            "comprehensiveIncomeNetOfTax": "74515000",
            "ebit": "100318000",
            "ebitda": "138918000",
            "netIncome": "65117000"
        },
        {
            "fiscalDateEnding": "2012-11-30",
            "reportedCurrency": "USD",
            "grossProfit": "1028450000",
            "totalRevenue": "1153428000",
            "costOfRevenue": "124978000",
            "costofGoodsAndServicesSold": "124978000",
            "operatingIncome": "307765000",
            "sellingGeneralAndAdministrative": "513630000",
            "researchAndDevelopment": "195047000",
            "operatingExpenses": "720685000",
            "investmentIncomeNet": "5853000",
            "netInterestIncome": "-16767000",
            "interestIncome": "None",
            "interestExpense": "16767000",
            "nonInterestIncome": "-8626000",
            "otherNonOperatingIncome": "-125000",
            "depreciation": "None",
            "depreciationAndAmortization": "171900000",
            "incomeBeforeTax": "290631000",
            "incomeTaxExpense": "68298000",
            "interestAndDebtExpense": "16767000",
            "netIncomeFromContinuingOperations": "290631000",
            "comprehensiveIncomeNetOfTax": "230534000",
            "ebit": "307398000",
            "ebitda": "479298000",
            "netIncome": "222333000"
        },
        {
            "fiscalDateEnding": "2012-08-31",
            "reportedCurrency": "USD",
            "grossProfit": "960959000",
            "totalRevenue": "1080580000",
            "costOfRevenue": "119621000",
            "costofGoodsAndServicesSold": "119621000",
            "operatingIncome": "278304000",
            "sellingGeneralAndAdministrative": "478805000",
            "researchAndDevelopment": "189145000",
            "operatingExpenses": "682655000",
            "investmentIncomeNet": "6575000",
            "netInterestIncome": "-17253000",
            "interestIncome": "None",
            "interestExpense": "17253000",
            "nonInterestIncome": "-6458000",
            "otherNonOperatingIncome": "203000",
            "depreciation": "None",
            "depreciationAndAmortization": "36100000",
            "incomeBeforeTax": "263212000",
            "incomeTaxExpense": "61855000",
            "interestAndDebtExpense": "17253000",
            "netIncomeFromContinuingOperations": "201357000",
            "comprehensiveIncomeNetOfTax": "203252000",
            "ebit": "280465000",
            "ebitda": "316565000",
            "netIncome": "201357000"
        },
        {
            "fiscalDateEnding": "2012-06-01",
            "reportedCurrency": "USD",
            "grossProfit": "993531000",
            "totalRevenue": "1124449000",
            "costOfRevenue": "130918000",
            "costofGoodsAndServicesSold": "130918000",
            "operatingIncome": "305143000",
            "sellingGeneralAndAdministrative": "497062000",
            "researchAndDevelopment": "180903000",
            "operatingExpenses": "688388000",
            "investmentIncomeNet": "5929000",
            "netInterestIncome": "-16629000",
            "interestIncome": "None",
            "interestExpense": "16629000",
            "nonInterestIncome": "-7738000",
            "otherNonOperatingIncome": "268000",
            "depreciation": "None",
            "depreciationAndAmortization": "39500000",
            "incomeBeforeTax": "294574000",
            "incomeTaxExpense": "70698000",
            "interestAndDebtExpense": "16629000",
            "netIncomeFromContinuingOperations": "294574000",
            "comprehensiveIncomeNetOfTax": "197744000",
            "ebit": "311203000",
            "ebitda": "350703000",
            "netIncome": "223876000"
        },
        {
            "fiscalDateEnding": "2012-03-02",
            "reportedCurrency": "USD",
            "grossProfit": "936955000",
            "totalRevenue": "1045220000",
            "costOfRevenue": "108265000",
            "costofGoodsAndServicesSold": "108265000",
            "operatingIncome": "288979000",
            "sellingGeneralAndAdministrative": "461644000",
            "researchAndDevelopment": "177728000",
            "operatingExpenses": "647976000",
            "investmentIncomeNet": "6193000",
            "netInterestIncome": "-16838000",
            "interestIncome": "None",
            "interestExpense": "16838000",
            "nonInterestIncome": "-9721000",
            "otherNonOperatingIncome": "246000",
            "depreciation": "None",
            "depreciationAndAmortization": "33100000",
            "incomeBeforeTax": "270377000",
            "incomeTaxExpense": "85168000",
            "interestAndDebtExpense": "16838000",
            "netIncomeFromContinuingOperations": "270377000",
            "comprehensiveIncomeNetOfTax": "202007000",
            "ebit": "287215000",
            "ebitda": "320315000",
            "netIncome": "185209000"
        },
        {
            "fiscalDateEnding": "2011-12-02",
            "reportedCurrency": "USD",
            "grossProfit": "1035782000",
            "totalRevenue": "1152161000",
            "costOfRevenue": "116379000",
            "costofGoodsAndServicesSold": "116379000",
            "operatingIncome": "246131000",
            "sellingGeneralAndAdministrative": "487916000",
            "researchAndDevelopment": "195403000",
            "operatingExpenses": "789651000",
            "investmentIncomeNet": "6440000",
            "netInterestIncome": "-16774000",
            "interestIncome": "None",
            "interestExpense": "16774000",
            "nonInterestIncome": "-22959000",
            "otherNonOperatingIncome": "164000",
            "depreciation": "None",
            "depreciationAndAmortization": "152000000",
            "incomeBeforeTax": "233180000",
            "incomeTaxExpense": "59461000",
            "interestAndDebtExpense": "16774000",
            "netIncomeFromContinuingOperations": "233180000",
            "comprehensiveIncomeNetOfTax": "144475000",
            "ebit": "249954000",
            "ebitda": "401954000",
            "netIncome": "173719000"
        },
        {
            "fiscalDateEnding": "2011-09-02",
            "reportedCurrency": "USD",
            "grossProfit": "908558000",
            "totalRevenue": "1013212000",
            "costOfRevenue": "104654000",
            "costofGoodsAndServicesSold": "104654000",
            "operatingIncome": "274110000",
            "sellingGeneralAndAdministrative": "439217000",
            "researchAndDevelopment": "181039000",
            "operatingExpenses": "634448000",
            "investmentIncomeNet": "6102000",
            "netInterestIncome": "-16431000",
            "interestIncome": "None",
            "interestExpense": "16431000",
            "nonInterestIncome": "-6637000",
            "otherNonOperatingIncome": "140000",
            "depreciation": "None",
            "depreciationAndAmortization": "30200000",
            "incomeBeforeTax": "256719000",
            "incomeTaxExpense": "61618000",
            "interestAndDebtExpense": "16431000",
            "netIncomeFromContinuingOperations": "256719000",
            "comprehensiveIncomeNetOfTax": "199953000",
            "ebit": "273150000",
            "ebitda": "303350000",
            "netIncome": "195101000"
        },
        {
            "fiscalDateEnding": "2011-06-03",
            "reportedCurrency": "USD",
            "grossProfit": "913978000",
            "totalRevenue": "1023179000",
            "costOfRevenue": "109201000",
            "costofGoodsAndServicesSold": "109201000",
            "operatingIncome": "276724000",
            "sellingGeneralAndAdministrative": "444237000",
            "researchAndDevelopment": "183211000",
            "operatingExpenses": "637254000",
            "investmentIncomeNet": "5865000",
            "netInterestIncome": "-16727000",
            "interestIncome": "None",
            "interestExpense": "16727000",
            "nonInterestIncome": "-7629000",
            "otherNonOperatingIncome": "296000",
            "depreciation": "None",
            "depreciationAndAmortization": "33600000",
            "incomeBeforeTax": "259244000",
            "incomeTaxExpense": "29808000",
            "interestAndDebtExpense": "16727000",
            "netIncomeFromContinuingOperations": "259244000",
            "comprehensiveIncomeNetOfTax": "255083000",
            "ebit": "275971000",
            "ebitda": "309571000",
            "netIncome": "229436000"
        },
        {
            "fiscalDateEnding": "2011-03-04",
            "reportedCurrency": "USD",
            "grossProfit": "920067000",
            "totalRevenue": "1027706000",
            "costOfRevenue": "107639000",
            "costofGoodsAndServicesSold": "107639000",
            "operatingIncome": "302334000",
            "sellingGeneralAndAdministrative": "429057000",
            "researchAndDevelopment": "178400000",
            "operatingExpenses": "617733000",
            "investmentIncomeNet": "6099000",
            "netInterestIncome": "-17020000",
            "interestIncome": "None",
            "interestExpense": "17020000",
            "nonInterestIncome": "-7774000",
            "otherNonOperatingIncome": "314000",
            "depreciation": "None",
            "depreciationAndAmortization": "66286000",
            "incomeBeforeTax": "286087000",
            "incomeTaxExpense": "51496000",
            "interestAndDebtExpense": "17020000",
            "netIncomeFromContinuingOperations": "286087000",
            "comprehensiveIncomeNetOfTax": "245858000",
            "ebit": "303107000",
            "ebitda": "369393000",
            "netIncome": "234591000"
        },
        {
            "fiscalDateEnding": "2010-12-03",
            "reportedCurrency": "USD",
            "grossProfit": "900729000",
            "totalRevenue": "1007946000",
            "costOfRevenue": "107217000",
            "costofGoodsAndServicesSold": "107217000",
            "operatingIncome": "286943000",
            "sellingGeneralAndAdministrative": "423031000",
            "researchAndDevelopment": "170378000",
            "operatingExpenses": "613786000",
            "investmentIncomeNet": "5948000",
            "netInterestIncome": "-16786000",
            "interestIncome": "None",
            "interestExpense": "16786000",
            "nonInterestIncome": "2787000",
            "otherNonOperatingIncome": "174000",
            "depreciation": "None",
            "depreciationAndAmortization": "76097000",
            "incomeBeforeTax": "286011000",
            "incomeTaxExpense": "17161000",
            "interestAndDebtExpense": "16786000",
            "netIncomeFromContinuingOperations": "286011000",
            "comprehensiveIncomeNetOfTax": "264707000",
            "ebit": "302797000",
            "ebitda": "378894000",
            "netIncome": "268850000"
        },
        {
            "fiscalDateEnding": "2010-09-03",
            "reportedCurrency": "USD",
            "grossProfit": "891235000",
            "totalRevenue": "990319000",
            "costOfRevenue": "99084000",
            "costofGoodsAndServicesSold": "99084000",
            "operatingIncome": "302013000",
            "sellingGeneralAndAdministrative": "405396000",
            "researchAndDevelopment": "168296000",
            "operatingExpenses": "589222000",
            "investmentIncomeNet": "5883000",
            "netInterestIncome": "-16395000",
            "interestIncome": "None",
            "interestExpense": "16395000",
            "nonInterestIncome": "865000",
            "otherNonOperatingIncome": "255000",
            "depreciation": "None",
            "depreciationAndAmortization": "73154000",
            "incomeBeforeTax": "296752000",
            "incomeTaxExpense": "66687000",
            "interestAndDebtExpense": "16395000",
            "netIncomeFromContinuingOperations": "296752000",
            "comprehensiveIncomeNetOfTax": "211641000",
            "ebit": "313147000",
            "ebitda": "386301000",
            "netIncome": "230065000"
        },
        {
            "fiscalDateEnding": "2010-06-04",
            "reportedCurrency": "USD",
            "grossProfit": "835202000",
            "totalRevenue": "943035000",
            "costOfRevenue": "107833000",
            "costofGoodsAndServicesSold": "107833000",
            "operatingIncome": "227285000",
            "sellingGeneralAndAdministrative": "410929000",
            "researchAndDevelopment": "167318000",
            "operatingExpenses": "607917000",
            "investmentIncomeNet": "4986000",
            "netInterestIncome": "-16076000",
            "interestIncome": "None",
            "interestExpense": "16076000",
            "nonInterestIncome": "-12190000",
            "otherNonOperatingIncome": "536000",
            "depreciation": "None",
            "depreciationAndAmortization": "74906000",
            "incomeBeforeTax": "194173000",
            "incomeTaxExpense": "45562000",
            "interestAndDebtExpense": "16076000",
            "netIncomeFromContinuingOperations": "194173000",
            "comprehensiveIncomeNetOfTax": "159496000",
            "ebit": "210249000",
            "ebitda": "285155000",
            "netIncome": "148611000"
        },
        {
            "fiscalDateEnding": "2010-03-05",
            "reportedCurrency": "USD",
            "grossProfit": "769332000",
            "totalRevenue": "858700000",
            "costOfRevenue": "89368000",
            "costofGoodsAndServicesSold": "89368000",
            "operatingIncome": "176833000",
            "sellingGeneralAndAdministrative": "388340000",
            "researchAndDevelopment": "174340000",
            "operatingExpenses": "592499000",
            "investmentIncomeNet": "5105000",
            "netInterestIncome": "-7695000",
            "interestIncome": "None",
            "interestExpense": "7695000",
            "nonInterestIncome": "-5084000",
            "otherNonOperatingIncome": "248000",
            "depreciation": "None",
            "depreciationAndAmortization": "68581000",
            "incomeBeforeTax": "166215000",
            "incomeTaxExpense": "39061000",
            "interestAndDebtExpense": "7695000",
            "netIncomeFromContinuingOperations": "166215000",
            "comprehensiveIncomeNetOfTax": "131817000",
            "ebit": "173910000",
            "ebitda": "242491000",
            "netIncome": "127154000"
        },
        {
            "fiscalDateEnding": "2009-11-27",
            "reportedCurrency": "USD",
            "grossProfit": "674959000",
            "totalRevenue": "757283000",
            "costOfRevenue": "82324000",
            "costofGoodsAndServicesSold": "82324000",
            "operatingIncome": "153642000",
            "sellingGeneralAndAdministrative": "332170000",
            "researchAndDevelopment": "137852000",
            "operatingExpenses": "521317000",
            "investmentIncomeNet": "6323000",
            "netInterestIncome": "-1535000",
            "interestIncome": "None",
            "interestExpense": "1535000",
            "nonInterestIncome": "-7234000",
            "otherNonOperatingIncome": "377000",
            "depreciation": "None",
            "depreciationAndAmortization": "85037000",
            "incomeBeforeTax": "160212000",
            "incomeTaxExpense": "192255000",
            "interestAndDebtExpense": "1535000",
            "netIncomeFromContinuingOperations": "160212000",
            "comprehensiveIncomeNetOfTax": "-29325000",
            "ebit": "161747000",
            "ebitda": "246784000",
            "netIncome": "-32043000"
        },
        {
            "fiscalDateEnding": "2009-08-28",
            "reportedCurrency": "USD",
            "grossProfit": "632460000",
            "totalRevenue": "697507000",
            "costOfRevenue": "65047000",
            "costofGoodsAndServicesSold": "65047000",
            "operatingIncome": "167602000",
            "sellingGeneralAndAdministrative": "310913000",
            "researchAndDevelopment": "138902000",
            "operatingExpenses": "464858000",
            "investmentIncomeNet": "7616000",
            "netInterestIncome": "-460000",
            "interestIncome": "None",
            "interestExpense": "460000",
            "nonInterestIncome": "-3545000",
            "otherNonOperatingIncome": "147000",
            "depreciation": "None",
            "depreciationAndAmortization": "63921000",
            "incomeBeforeTax": "174416000",
            "incomeTaxExpense": "38371000",
            "interestAndDebtExpense": "460000",
            "netIncomeFromContinuingOperations": "136045000",
            "comprehensiveIncomeNetOfTax": "130463000",
            "ebit": "174876000",
            "ebitda": "238797000",
            "netIncome": "136045000"
        },
        {
            "fiscalDateEnding": "2009-05-29",
            "reportedCurrency": "USD",
            "grossProfit": "632665000",
            "totalRevenue": "704673000",
            "costOfRevenue": "72008000",
            "costofGoodsAndServicesSold": "None",
            "operatingIncome": "161353000",
            "sellingGeneralAndAdministrative": "None",
            "researchAndDevelopment": "None",
            "operatingExpenses": "471312000",
            "investmentIncomeNet": "None",
            "netInterestIncome": "None",
            "interestIncome": "None",
            "interestExpense": "620000",
            "nonInterestIncome": "None",
            "otherNonOperatingIncome": "324000",
            "depreciation": "None",
            "depreciationAndAmortization": "64725000",
            "incomeBeforeTax": "163730000",
            "incomeTaxExpense": "37659000",
            "interestAndDebtExpense": "None",
            "netIncomeFromContinuingOperations": "None",
            "comprehensiveIncomeNetOfTax": "None",
            "ebit": "164350000",
            "ebitda": "229075000",
            "netIncome": "126071000"
        },
        {
            "fiscalDateEnding": "2009-02-27",
            "reportedCurrency": "USD",
            "grossProfit": "709037000",
            "totalRevenue": "786390000",
            "costOfRevenue": "77353000",
            "costofGoodsAndServicesSold": "None",
            "operatingIncome": "207916000",
            "sellingGeneralAndAdministrative": "None",
            "researchAndDevelopment": "None",
            "operatingExpenses": "501121000",
            "investmentIncomeNet": "None",
            "netInterestIncome": "None",
            "interestIncome": "None",
            "interestExpense": "792000",
            "nonInterestIncome": "None",
            "otherNonOperatingIncome": "221000",
            "depreciation": "None",
            "depreciationAndAmortization": "68740000",
            "incomeBeforeTax": "203162000",
            "incomeTaxExpense": "46727000",
            "interestAndDebtExpense": "None",
            "netIncomeFromContinuingOperations": "None",
            "comprehensiveIncomeNetOfTax": "None",
            "ebit": "203954000",
            "ebitda": "272694000",
            "netIncome": "156435000"
        },
        {
            "fiscalDateEnding": "2008-11-28",
            "reportedCurrency": "USD",
            "grossProfit": "828863000",
            "totalRevenue": "915301000",
            "costOfRevenue": "86438000",
            "costofGoodsAndServicesSold": "None",
            "operatingIncome": "273193000",
            "sellingGeneralAndAdministrative": "None",
            "researchAndDevelopment": "None",
            "operatingExpenses": "555670000",
            "investmentIncomeNet": "None",
            "netInterestIncome": "None",
            "interestIncome": "None",
            "interestExpense": "1992000",
            "nonInterestIncome": "None",
            "otherNonOperatingIncome": "368000",
            "depreciation": "None",
            "depreciationAndAmortization": "67428000",
            "incomeBeforeTax": "276344000",
            "incomeTaxExpense": "30427000",
            "interestAndDebtExpense": "None",
            "netIncomeFromContinuingOperations": "None",
            "comprehensiveIncomeNetOfTax": "None",
            "ebit": "278336000",
            "ebitda": "345764000",
            "netIncome": "245917000"
        },
        {
            "fiscalDateEnding": "2008-08-29",
            "reportedCurrency": "USD",
            "grossProfit": "776406000",
            "totalRevenue": "887257000",
            "costOfRevenue": "110851000",
            "costofGoodsAndServicesSold": "None",
            "operatingIncome": "219469000",
            "sellingGeneralAndAdministrative": "None",
            "researchAndDevelopment": "None",
            "operatingExpenses": "556937000",
            "investmentIncomeNet": "None",
            "netInterestIncome": "None",
            "interestIncome": "None",
            "interestExpense": "2390000",
            "nonInterestIncome": "None",
            "otherNonOperatingIncome": "854000",
            "depreciation": "None",
            "depreciationAndAmortization": "64983000",
            "incomeBeforeTax": "228514000",
            "incomeTaxExpense": "36906000",
            "interestAndDebtExpense": "None",
            "netIncomeFromContinuingOperations": "None",
            "comprehensiveIncomeNetOfTax": "None",
            "ebit": "230904000",
            "ebitda": "295887000",
            "netIncome": "191608000"
        },
        {
            "fiscalDateEnding": "2008-05-30",
            "reportedCurrency": "USD",
            "grossProfit": "804020000",
            "totalRevenue": "886886000",
            "costOfRevenue": "82866000",
            "costofGoodsAndServicesSold": "None",
            "operatingIncome": "260178000",
            "sellingGeneralAndAdministrative": "None",
            "researchAndDevelopment": "None",
            "operatingExpenses": "543842000",
            "investmentIncomeNet": "None",
            "netInterestIncome": "None",
            "interestIncome": "None",
            "interestExpense": "3828000",
            "nonInterestIncome": "None",
            "otherNonOperatingIncome": "None",
            "depreciation": "None",
            "depreciationAndAmortization": "None",
            "incomeBeforeTax": "278006000",
            "incomeTaxExpense": "63096000",
            "interestAndDebtExpense": "None",
            "netIncomeFromContinuingOperations": "None",
            "comprehensiveIncomeNetOfTax": "None",
            "ebit": "281834000",
            "ebitda": "None",
            "netIncome": "214910000"
        }
    ]
}