{
    "symbol": "INTC",
    "annualReports": [
        {
            "fiscalDateEnding": "2023-12-31",
            "reportedCurrency": "USD",
            "grossProfit": "21711000000",
            "totalRevenue": "53879000000",
            "costOfRevenue": "39844000000",
            "costofGoodsAndServicesSold": "32517000000",
            "operatingIncome": "93000000",
            "sellingGeneralAndAdministrative": "5634000000",
            "researchAndDevelopment": "16046000000",
            "operatingExpenses": "21618000000",
            "investmentIncomeNet": "1335000000",
            "netInterestIncome": "-878000000",
            "interestIncome": "1253000000",
            "interestExpense": "878000000",
            "nonInterestIncome": "54757000000",
            "otherNonOperatingIncome": "172000000",
            "depreciation": "7847000000",
            "depreciationAndAmortization": "1755000000",
            "incomeBeforeTax": "776000000",
            "incomeTaxExpense": "-913000000",
            "interestAndDebtExpense": "878000000",
            "netIncomeFromContinuingOperations": "1675000000",
            "comprehensiveIncomeNetOfTax": "2036000000",
            "ebit": "1654000000",
            "ebitda": "3409000000",
            "netIncome": "1689000000"
        },
        {
            "fiscalDateEnding": "2022-12-31",
            "reportedCurrency": "USD",
            "grossProfit": "26866000000",
            "totalRevenue": "61811000000",
            "costOfRevenue": "45099000000",
            "costofGoodsAndServicesSold": "36188000000",
            "operatingIncome": "2334000000",
            "sellingGeneralAndAdministrative": "7002000000",
            "researchAndDevelopment": "17528000000",
            "operatingExpenses": "24532000000",
            "investmentIncomeNet": "589000000",
            "netInterestIncome": "-496000000",
            "interestIncome": "589000000",
            "interestExpense": "496000000",
            "nonInterestIncome": "62307000000",
            "otherNonOperatingIncome": "1073000000",
            "depreciation": "11128000000",
            "depreciationAndAmortization": "1907000000",
            "incomeBeforeTax": "7765000000",
            "incomeTaxExpense": "-249000000",
            "interestAndDebtExpense": "496000000",
            "netIncomeFromContinuingOperations": "8017000000",
            "comprehensiveIncomeNetOfTax": "8332000000",
            "ebit": "8261000000",
            "ebitda": "10168000000",
            "netIncome": "8014000000"
        },
        {
            "fiscalDateEnding": "2021-12-31",
            "reportedCurrency": "USD",
            "grossProfit": "43815000000",
            "totalRevenue": "78168000000",
            "costOfRevenue": "46217000000",
            "costofGoodsAndServicesSold": "35209000000",
            "operatingIncome": "19456000000",
            "sellingGeneralAndAdministrative": "6543000000",
            "researchAndDevelopment": "15190000000",
            "operatingExpenses": "24359000000",
            "investmentIncomeNet": "144000000",
            "netInterestIncome": "-597000000",
            "interestIncome": "144000000",
            "interestExpense": "597000000",
            "nonInterestIncome": "78765000000",
            "otherNonOperatingIncome": "-29000000",
            "depreciation": "9953000000",
            "depreciationAndAmortization": "1839000000",
            "incomeBeforeTax": "21703000000",
            "incomeTaxExpense": "1835000000",
            "interestAndDebtExpense": "597000000",
            "netIncomeFromContinuingOperations": "19868000000",
            "comprehensiveIncomeNetOfTax": "19739000000",
            "ebit": "22300000000",
            "ebitda": "24139000000",
            "netIncome": "19868000000"
        },
        {
            "fiscalDateEnding": "2020-12-31",
            "reportedCurrency": "USD",
            "grossProfit": "43612000000",
            "totalRevenue": "76984000000",
            "costOfRevenue": "42390000000",
            "costofGoodsAndServicesSold": "34255000000",
            "operatingIncome": "23678000000",
            "sellingGeneralAndAdministrative": "6180000000",
            "researchAndDevelopment": "13556000000",
            "operatingExpenses": "19934000000",
            "investmentIncomeNet": "272000000",
            "netInterestIncome": "-629000000",
            "interestIncome": "272000000",
            "interestExpense": "629000000",
            "nonInterestIncome": "77613000000",
            "otherNonOperatingIncome": "-147000000",
            "depreciation": "10482000000",
            "depreciationAndAmortization": "1757000000",
            "incomeBeforeTax": "25078000000",
            "incomeTaxExpense": "4179000000",
            "interestAndDebtExpense": "629000000",
            "netIncomeFromContinuingOperations": "20899000000",
            "comprehensiveIncomeNetOfTax": "21428000000",
            "ebit": "25707000000",
            "ebitda": "27464000000",
            "netIncome": "20899000000"
        },
        {
            "fiscalDateEnding": "2019-12-31",
            "reportedCurrency": "USD",
            "grossProfit": "42140000000",
            "totalRevenue": "71052000000",
            "costOfRevenue": "36568000000",
            "costofGoodsAndServicesSold": "29825000000",
            "operatingIncome": "22035000000",
            "sellingGeneralAndAdministrative": "6350000000",
            "researchAndDevelopment": "13362000000",
            "operatingExpenses": "20105000000",
            "investmentIncomeNet": "483000000",
            "netInterestIncome": "-489000000",
            "interestIncome": "483000000",
            "interestExpense": "489000000",
            "nonInterestIncome": "71541000000",
            "otherNonOperatingIncome": "490000000",
            "depreciation": "9204000000",
            "depreciationAndAmortization": "200000000",
            "incomeBeforeTax": "24058000000",
            "incomeTaxExpense": "3010000000",
            "interestAndDebtExpense": "489000000",
            "netIncomeFromContinuingOperations": "21048000000",
            "comprehensiveIncomeNetOfTax": "20742000000",
            "ebit": "24547000000",
            "ebitda": "24747000000",
            "netIncome": "21048000000"
        },
        {
            "fiscalDateEnding": "2018-12-31",
            "reportedCurrency": "USD",
            "grossProfit": "43737000000",
            "totalRevenue": "69675000000",
            "costOfRevenue": "33989000000",
            "costofGoodsAndServicesSold": "27111000000",
            "operatingIncome": "23316000000",
            "sellingGeneralAndAdministrative": "6950000000",
            "researchAndDevelopment": "13543000000",
            "operatingExpenses": "20421000000",
            "investmentIncomeNet": "438000000",
            "netInterestIncome": "-468000000",
            "interestIncome": "438000000",
            "interestExpense": "468000000",
            "nonInterestIncome": "70143000000",
            "otherNonOperatingIncome": "156000000",
            "depreciation": "7520000000",
            "depreciationAndAmortization": "200000000",
            "incomeBeforeTax": "23317000000",
            "incomeTaxExpense": "2264000000",
            "interestAndDebtExpense": "728000000",
            "netIncomeFromContinuingOperations": "21053000000",
            "comprehensiveIncomeNetOfTax": "21007000000",
            "ebit": "23785000000",
            "ebitda": "23985000000",
            "netIncome": "21053000000"
        },
        {
            "fiscalDateEnding": "2017-12-31",
            "reportedCurrency": "USD",
            "grossProfit": "39098000000",
            "totalRevenue": "64222000000",
            "costOfRevenue": "31727000000",
            "costofGoodsAndServicesSold": "23663000000",
            "operatingIncome": "18050000000",
            "sellingGeneralAndAdministrative": "7452000000",
            "researchAndDevelopment": "13035000000",
            "operatingExpenses": "21048000000",
            "investmentIncomeNet": "441000000",
            "netInterestIncome": "-646000000",
            "interestIncome": "441000000",
            "interestExpense": "646000000",
            "nonInterestIncome": "2107000000",
            "otherNonOperatingIncome": "-144000000",
            "depreciation": "6752000000",
            "depreciationAndAmortization": "177000000",
            "incomeBeforeTax": "20352000000",
            "incomeTaxExpense": "10751000000",
            "interestAndDebtExpense": "1122000000",
            "netIncomeFromContinuingOperations": "9601000000",
            "comprehensiveIncomeNetOfTax": "10357000000",
            "ebit": "20998000000",
            "ebitda": "21175000000",
            "netIncome": "9601000000"
        },
        {
            "fiscalDateEnding": "2016-12-31",
            "reportedCurrency": "USD",
            "grossProfit": "36233000000",
            "totalRevenue": "58654000000",
            "costOfRevenue": "35003000000",
            "costofGoodsAndServicesSold": "23154000000",
            "operatingIncome": "13133000000",
            "sellingGeneralAndAdministrative": "8377000000",
            "researchAndDevelopment": "12685000000",
            "operatingExpenses": "23100000000",
            "investmentIncomeNet": "222000000",
            "netInterestIncome": "-733000000",
            "interestIncome": "222000000",
            "interestExpense": "733000000",
            "nonInterestIncome": "432000000",
            "otherNonOperatingIncome": "-192000000",
            "depreciation": "6266000000",
            "depreciationAndAmortization": "294000000",
            "incomeBeforeTax": "12936000000",
            "incomeTaxExpense": "2620000000",
            "interestAndDebtExpense": "733000000",
            "netIncomeFromContinuingOperations": "10316000000",
            "comprehensiveIncomeNetOfTax": "10362000000",
            "ebit": "13669000000",
            "ebitda": "13963000000",
            "netIncome": "10316000000"
        },
        {
            "fiscalDateEnding": "2015-12-31",
            "reportedCurrency": "USD",
            "grossProfit": "34679000000",
            "totalRevenue": "55018000000",
            "costOfRevenue": "29850000000",
            "costofGoodsAndServicesSold": "20676000000",
            "operatingIncome": "14002000000",
            "sellingGeneralAndAdministrative": "7930000000",
            "researchAndDevelopment": "12128000000",
            "operatingExpenses": "20677000000",
            "investmentIncomeNet": "124000000",
            "netInterestIncome": "-337000000",
            "interestIncome": "296000000",
            "interestExpense": "337000000",
            "nonInterestIncome": "263000000",
            "otherNonOperatingIncome": "108000000",
            "depreciation": "7821000000",
            "depreciationAndAmortization": "265000000",
            "incomeBeforeTax": "14212000000",
            "incomeTaxExpense": "2792000000",
            "interestAndDebtExpense": "337000000",
            "netIncomeFromContinuingOperations": "11420000000",
            "comprehensiveIncomeNetOfTax": "10814000000",
            "ebit": "14549000000",
            "ebitda": "14814000000",
            "netIncome": "11420000000"
        },
        {
            "fiscalDateEnding": "2014-12-31",
            "reportedCurrency": "USD",
            "grossProfit": "35609000000",
            "totalRevenue": "55678000000",
            "costOfRevenue": "29861000000",
            "costofGoodsAndServicesSold": "20261000000",
            "operatingIncome": "15347000000",
            "sellingGeneralAndAdministrative": "8136000000",
            "researchAndDevelopment": "11537000000",
            "operatingExpenses": "20262000000",
            "investmentIncomeNet": "141000000",
            "netInterestIncome": "-192000000",
            "interestIncome": "None",
            "interestExpense": "192000000",
            "nonInterestIncome": "None",
            "otherNonOperatingIncome": "43000000",
            "depreciation": "7380000000",
            "depreciationAndAmortization": "1169000000",
            "incomeBeforeTax": "15801000000",
            "incomeTaxExpense": "4097000000",
            "interestAndDebtExpense": "192000000",
            "netIncomeFromContinuingOperations": "11704000000",
            "comprehensiveIncomeNetOfTax": "11127000000",
            "ebit": "15993000000",
            "ebitda": "17162000000",
            "netIncome": "11704000000"
        },
        {
            "fiscalDateEnding": "2013-12-31",
            "reportedCurrency": "USD",
            "grossProfit": "31521000000",
            "totalRevenue": "52464000000",
            "costOfRevenue": "30757000000",
            "costofGoodsAndServicesSold": "21187000000",
            "operatingIncome": "12291000000",
            "sellingGeneralAndAdministrative": "8088000000",
            "researchAndDevelopment": "10611000000",
            "operatingExpenses": "19230000000",
            "investmentIncomeNet": "104000000",
            "netInterestIncome": "-244000000",
            "interestIncome": "None",
            "interestExpense": "244000000",
            "nonInterestIncome": "None",
            "otherNonOperatingIncome": "None",
            "depreciation": "6790000000",
            "depreciationAndAmortization": "1242000000",
            "incomeBeforeTax": "12611000000",
            "incomeTaxExpense": "2991000000",
            "interestAndDebtExpense": "244000000",
            "netIncomeFromContinuingOperations": "9620000000",
            "comprehensiveIncomeNetOfTax": "11262000000",
            "ebit": "12855000000",
            "ebitda": "14097000000",
            "netIncome": "9620000000"
        },
        {
            "fiscalDateEnding": "2012-12-31",
            "reportedCurrency": "USD",
            "grossProfit": "33151000000",
            "totalRevenue": "53417000000",
            "costOfRevenue": "29454000000",
            "costofGoodsAndServicesSold": "20190000000",
            "operatingIncome": "14638000000",
            "sellingGeneralAndAdministrative": "8057000000",
            "researchAndDevelopment": "10148000000",
            "operatingExpenses": "18513000000",
            "investmentIncomeNet": "97000000",
            "netInterestIncome": "-90000000",
            "interestIncome": "None",
            "interestExpense": "90000000",
            "nonInterestIncome": "None",
            "otherNonOperatingIncome": "None",
            "depreciation": "6357000000",
            "depreciationAndAmortization": "1165000000",
            "incomeBeforeTax": "14873000000",
            "incomeTaxExpense": "3868000000",
            "interestAndDebtExpense": "90000000",
            "netIncomeFromContinuingOperations": "10998000000",
            "comprehensiveIncomeNetOfTax": "11387000000",
            "ebit": "14963000000",
            "ebitda": "16128000000",
            "netIncome": "11005000000"
        },
        {
            "fiscalDateEnding": "2011-12-31",
            "reportedCurrency": "USD",
            "grossProfit": "33757000000",
            "totalRevenue": "54226000000",
            "costOfRevenue": "28835000000",
            "costofGoodsAndServicesSold": "20242000000",
            "operatingIncome": "17477000000",
            "sellingGeneralAndAdministrative": "7670000000",
            "researchAndDevelopment": "8350000000",
            "operatingExpenses": "16280000000",
            "investmentIncomeNet": "98000000",
            "netInterestIncome": "-41000000",
            "interestIncome": "None",
            "interestExpense": "41000000",
            "nonInterestIncome": "None",
            "otherNonOperatingIncome": "None",
            "depreciation": "5141000000",
            "depreciationAndAmortization": "923000000",
            "incomeBeforeTax": "17781000000",
            "incomeTaxExpense": "4839000000",
            "interestAndDebtExpense": "41000000",
            "netIncomeFromContinuingOperations": "12918000000",
            "comprehensiveIncomeNetOfTax": "11828000000",
            "ebit": "17822000000",
            "ebitda": "18745000000",
            "netIncome": "12942000000"
        },
        {
            "fiscalDateEnding": "2010-12-31",
            "reportedCurrency": "USD",
            "grossProfit": "28491000000",
            "totalRevenue": "43623000000",
            "costOfRevenue": "21681000000",
            "costofGoodsAndServicesSold": "15132000000",
            "operatingIncome": "15588000000",
            "sellingGeneralAndAdministrative": "6309000000",
            "researchAndDevelopment": "6576000000",
            "operatingExpenses": "12903000000",
            "investmentIncomeNet": "119000000",
            "netInterestIncome": "0",
            "interestIncome": "None",
            "interestExpense": "0",
            "nonInterestIncome": "None",
            "otherNonOperatingIncome": "None",
            "depreciation": "4398000000",
            "depreciationAndAmortization": "240000000",
            "incomeBeforeTax": "16045000000",
            "incomeTaxExpense": "4581000000",
            "interestAndDebtExpense": "0",
            "netIncomeFromContinuingOperations": "11013000000",
            "comprehensiveIncomeNetOfTax": "11404000000",
            "ebit": "15588000000",
            "ebitda": "16285000000",
            "netIncome": "11464000000"
        },
        {
            "fiscalDateEnding": "2009-12-31",
            "reportedCurrency": "USD",
            "grossProfit": "19561000000",
            "totalRevenue": "35127000000",
            "costOfRevenue": "23728000000",
            "costofGoodsAndServicesSold": "15566000000",
            "operatingIncome": "5711000000",
            "sellingGeneralAndAdministrative": "7931000000",
            "researchAndDevelopment": "5653000000",
            "operatingExpenses": "13850000000",
            "investmentIncomeNet": "168000000",
            "netInterestIncome": "-1000000",
            "interestIncome": "None",
            "interestExpense": "1000000",
            "nonInterestIncome": "None",
            "otherNonOperatingIncome": "None",
            "depreciation": "4744000000",
            "depreciationAndAmortization": "308000000",
            "incomeBeforeTax": "5704000000",
            "incomeTaxExpense": "1335000000",
            "interestAndDebtExpense": "1000000",
            "netIncomeFromContinuingOperations": "5711000000",
            "comprehensiveIncomeNetOfTax": "5155000000",
            "ebit": "5711000000",
            "ebitda": "6013000000",
            "netIncome": "4369000000"
        }
    ],
    "quarterlyReports": [
        {
            "fiscalDateEnding": "2024-09-30",
            "reportedCurrency": "USD",
            "grossProfit": "1997000000",
            "totalRevenue": "12878000000",
            "costOfRevenue": "18292000000",
            "costofGoodsAndServicesSold": "11287000000",
            "operatingIncome": "-9057000000",
            "sellingGeneralAndAdministrative": "1383000000",
            "researchAndDevelopment": "4049000000",
            "operatingExpenses": "11054000000",
            "investmentIncomeNet": "340000000",
            "netInterestIncome": "130000000",
            "interestIncome": "340000000",
            "interestExpense": "392000000",
            "nonInterestIncome": "12878000000",
            "otherNonOperatingIncome": "38000000",
            "depreciation": "3248000000",
            "depreciationAndAmortization": "364000000",
            "incomeBeforeTax": "-8736000000",
            "incomeTaxExpense": "7903000000",
            "interestAndDebtExpense": "248000000",
            "netIncomeFromContinuingOperations": "-16989000000",
            "comprehensiveIncomeNetOfTax": "-16128000000",
            "ebit": "-9057000000",
            "ebitda": "-7980000000",
            "netIncome": "-16639000000"
        },
        {
            "fiscalDateEnding": "2024-06-30",
            "reportedCurrency": "USD",
            "grossProfit": "4547000000",
            "totalRevenue": "12694000000",
            "costOfRevenue": "10558000000",
            "costofGoodsAndServicesSold": "8286000000",
            "operatingIncome": "-1964000000",
            "sellingGeneralAndAdministrative": "1329000000",
            "researchAndDevelopment": "4239000000",
            "operatingExpenses": "6511000000",
            "investmentIncomeNet": "320000000",
            "netInterestIncome": "80000000",
            "interestIncome": "320000000",
            "interestExpense": "374000000",
            "nonInterestIncome": "12694000000",
            "otherNonOperatingIncome": "54000000",
            "depreciation": "2203000000",
            "depreciationAndAmortization": "366000000",
            "incomeBeforeTax": "-1960000000",
            "incomeTaxExpense": "-350000000",
            "interestAndDebtExpense": "294000000",
            "netIncomeFromContinuingOperations": "-1654000000",
            "comprehensiveIncomeNetOfTax": "-1764000000",
            "ebit": "-1964000000",
            "ebitda": "-1220000000",
            "netIncome": "-1610000000"
        },
        {
            "fiscalDateEnding": "2024-03-31",
            "reportedCurrency": "USD",
            "grossProfit": "5217000000",
            "totalRevenue": "12773000000",
            "costOfRevenue": "9762000000",
            "costofGoodsAndServicesSold": "7507000000",
            "operatingIncome": "-1069000000",
            "sellingGeneralAndAdministrative": "1556000000",
            "researchAndDevelopment": "4382000000",
            "operatingExpenses": "6286000000",
            "investmentIncomeNet": "323000000",
            "netInterestIncome": "-258000000",
            "interestIncome": "323000000",
            "interestExpense": "258000000",
            "nonInterestIncome": "13031000000",
            "otherNonOperatingIncome": "80000000",
            "depreciation": "2200000000",
            "depreciationAndAmortization": "351000000",
            "incomeBeforeTax": "-663000000",
            "incomeTaxExpense": "-282000000",
            "interestAndDebtExpense": "258000000",
            "netIncomeFromContinuingOperations": "-437000000",
            "comprehensiveIncomeNetOfTax": "-708000000",
            "ebit": "-405000000",
            "ebitda": "-54000000",
            "netIncome": "-381000000"
        },
        {
            "fiscalDateEnding": "2023-12-31",
            "reportedCurrency": "USD",
            "grossProfit": "7047000000",
            "totalRevenue": "16019000000",
            "costOfRevenue": "9253000000",
            "costofGoodsAndServicesSold": "8359000000",
            "operatingIncome": "2585000000",
            "sellingGeneralAndAdministrative": "1617000000",
            "researchAndDevelopment": "3987000000",
            "operatingExpenses": "4462000000",
            "investmentIncomeNet": "356000000",
            "netInterestIncome": "-267000000",
            "interestIncome": "356000000",
            "interestExpense": "267000000",
            "nonInterestIncome": "16286000000",
            "otherNonOperatingIncome": "28000000",
            "depreciation": "2094000000",
            "depreciationAndAmortization": "419000000",
            "incomeBeforeTax": "2797000000",
            "incomeTaxExpense": "128000000",
            "interestAndDebtExpense": "267000000",
            "netIncomeFromContinuingOperations": "2660000000",
            "comprehensiveIncomeNetOfTax": "3315000000",
            "ebit": "3064000000",
            "ebitda": "3483000000",
            "netIncome": "2669000000"
        },
        {
            "fiscalDateEnding": "2023-09-30",
            "reportedCurrency": "USD",
            "grossProfit": "6018000000",
            "totalRevenue": "14295000000",
            "costOfRevenue": "10296000000",
            "costofGoodsAndServicesSold": "8140000000",
            "operatingIncome": "-8000000",
            "sellingGeneralAndAdministrative": "1340000000",
            "researchAndDevelopment": "3870000000",
            "operatingExpenses": "6026000000",
            "investmentIncomeNet": "332000000",
            "netInterestIncome": "-204000000",
            "interestIncome": "63000000",
            "interestExpense": "204000000",
            "nonInterestIncome": "14499000000",
            "otherNonOperatingIncome": "19000000",
            "depreciation": "2020000000",
            "depreciationAndAmortization": "427000000",
            "incomeBeforeTax": "-65000000",
            "incomeTaxExpense": "-362000000",
            "interestAndDebtExpense": "204000000",
            "netIncomeFromContinuingOperations": "310000000",
            "comprehensiveIncomeNetOfTax": "-20000000",
            "ebit": "139000000",
            "ebitda": "566000000",
            "netIncome": "297000000"
        },
        {
            "fiscalDateEnding": "2023-06-30",
            "reportedCurrency": "USD",
            "grossProfit": "4638000000",
            "totalRevenue": "12580000000",
            "costOfRevenue": "9885000000",
            "costofGoodsAndServicesSold": "8311000000",
            "operatingIncome": "-1016000000",
            "sellingGeneralAndAdministrative": "1374000000",
            "researchAndDevelopment": "4080000000",
            "operatingExpenses": "5654000000",
            "investmentIncomeNet": "313000000",
            "netInterestIncome": "-214000000",
            "interestIncome": "200000000",
            "interestExpense": "214000000",
            "nonInterestIncome": "12794000000",
            "otherNonOperatingIncome": "125000000",
            "depreciation": "1832000000",
            "depreciationAndAmortization": "444000000",
            "incomeBeforeTax": "-808000000",
            "incomeTaxExpense": "-2289000000",
            "interestAndDebtExpense": "214000000",
            "netIncomeFromContinuingOperations": "1473000000",
            "comprehensiveIncomeNetOfTax": "1356000000",
            "ebit": "-594000000",
            "ebitda": "-150000000",
            "netIncome": "1481000000"
        },
        {
            "fiscalDateEnding": "2023-03-31",
            "reportedCurrency": "USD",
            "grossProfit": "4008000000",
            "totalRevenue": "11612000000",
            "costOfRevenue": "9539000000",
            "costofGoodsAndServicesSold": "7707000000",
            "operatingIncome": "-1468000000",
            "sellingGeneralAndAdministrative": "1303000000",
            "researchAndDevelopment": "4109000000",
            "operatingExpenses": "5476000000",
            "investmentIncomeNet": "334000000",
            "netInterestIncome": "-193000000",
            "interestIncome": "334000000",
            "interestExpense": "193000000",
            "nonInterestIncome": "11805000000",
            "otherNonOperatingIncome": "0",
            "depreciation": "1901000000",
            "depreciationAndAmortization": "465000000",
            "incomeBeforeTax": "-1148000000",
            "incomeTaxExpense": "1610000000",
            "interestAndDebtExpense": "193000000",
            "netIncomeFromContinuingOperations": "-2768000000",
            "comprehensiveIncomeNetOfTax": "-2615000000",
            "ebit": "-955000000",
            "ebitda": "-490000000",
            "netIncome": "-2758000000"
        },
        {
            "fiscalDateEnding": "2022-12-31",
            "reportedCurrency": "USD",
            "grossProfit": "5500000000",
            "totalRevenue": "11331000000",
            "costOfRevenue": "11178000000",
            "costofGoodsAndServicesSold": "8542000000",
            "operatingIncome": "-1132000000",
            "sellingGeneralAndAdministrative": "1706000000",
            "researchAndDevelopment": "4464000000",
            "operatingExpenses": "6632000000",
            "investmentIncomeNet": "274000000",
            "netInterestIncome": "-149000000",
            "interestIncome": "274000000",
            "interestExpense": "149000000",
            "nonInterestIncome": "11480000000",
            "otherNonOperatingIncome": "25000000",
            "depreciation": "2819000000",
            "depreciationAndAmortization": "468000000",
            "incomeBeforeTax": "-799000000",
            "incomeTaxExpense": "-135000000",
            "interestAndDebtExpense": "149000000",
            "netIncomeFromContinuingOperations": "-661000000",
            "comprehensiveIncomeNetOfTax": "825000000",
            "ebit": "-650000000",
            "ebitda": "-182000000",
            "netIncome": "-664000000"
        },
        {
            "fiscalDateEnding": "2022-09-30",
            "reportedCurrency": "USD",
            "grossProfit": "6535000000",
            "totalRevenue": "16086000000",
            "costOfRevenue": "11211000000",
            "costofGoodsAndServicesSold": "8803000000",
            "operatingIncome": "-175000000",
            "sellingGeneralAndAdministrative": "1744000000",
            "researchAndDevelopment": "4302000000",
            "operatingExpenses": "6710000000",
            "investmentIncomeNet": "170000000",
            "netInterestIncome": "-114000000",
            "interestIncome": "170000000",
            "interestExpense": "114000000",
            "nonInterestIncome": "16200000000",
            "otherNonOperatingIncome": "82000000",
            "depreciation": "2781000000",
            "depreciationAndAmortization": "471000000",
            "incomeBeforeTax": "-188000000",
            "incomeTaxExpense": "-1207000000",
            "interestAndDebtExpense": "114000000",
            "netIncomeFromContinuingOperations": "1019000000",
            "comprehensiveIncomeNetOfTax": "593000000",
            "ebit": "-74000000",
            "ebitda": "397000000",
            "netIncome": "1019000000"
        },
        {
            "fiscalDateEnding": "2022-06-30",
            "reportedCurrency": "USD",
            "grossProfit": "5587000000",
            "totalRevenue": "14193000000",
            "costOfRevenue": "11621000000",
            "costofGoodsAndServicesSold": "9734000000",
            "operatingIncome": "-700000000",
            "sellingGeneralAndAdministrative": "1800000000",
            "researchAndDevelopment": "4400000000",
            "operatingExpenses": "6287000000",
            "investmentIncomeNet": "98000000",
            "netInterestIncome": "-109000000",
            "interestIncome": "98000000",
            "interestExpense": "109000000",
            "nonInterestIncome": "14302000000",
            "otherNonOperatingIncome": "-108000000",
            "depreciation": "2681000000",
            "depreciationAndAmortization": "467000000",
            "incomeBeforeTax": "-909000000",
            "incomeTaxExpense": "-455000000",
            "interestAndDebtExpense": "109000000",
            "netIncomeFromContinuingOperations": "-454000000",
            "comprehensiveIncomeNetOfTax": "-1077000000",
            "ebit": "-800000000",
            "ebitda": "-333000000",
            "netIncome": "-454000000"
        },
        {
            "fiscalDateEnding": "2022-03-31",
            "reportedCurrency": "USD",
            "grossProfit": "9244000000",
            "totalRevenue": "18623000000",
            "costOfRevenue": "10151000000",
            "costofGoodsAndServicesSold": "9109000000",
            "operatingIncome": "4341000000",
            "sellingGeneralAndAdministrative": "1752000000",
            "researchAndDevelopment": "4362000000",
            "operatingExpenses": "4903000000",
            "investmentIncomeNet": "47000000",
            "netInterestIncome": "-124000000",
            "interestIncome": "1121000000",
            "interestExpense": "124000000",
            "nonInterestIncome": "18747000000",
            "otherNonOperatingIncome": "1074000000",
            "depreciation": "2847000000",
            "depreciationAndAmortization": "501000000",
            "incomeBeforeTax": "9661000000",
            "incomeTaxExpense": "1548000000",
            "interestAndDebtExpense": "124000000",
            "netIncomeFromContinuingOperations": "8113000000",
            "comprehensiveIncomeNetOfTax": "7991000000",
            "ebit": "9785000000",
            "ebitda": "10286000000",
            "netIncome": "8113000000"
        },
        {
            "fiscalDateEnding": "2021-12-31",
            "reportedCurrency": "USD",
            "grossProfit": "11009000000",
            "totalRevenue": "20324000000",
            "costOfRevenue": "238000000",
            "costofGoodsAndServicesSold": "9519000000",
            "operatingIncome": "4989000000",
            "sellingGeneralAndAdministrative": "1942000000",
            "researchAndDevelopment": "4049000000",
            "operatingExpenses": "6020000000",
            "investmentIncomeNet": "33000000",
            "netInterestIncome": "-134000000",
            "interestIncome": "33000000",
            "interestExpense": "134000000",
            "nonInterestIncome": "20458000000",
            "otherNonOperatingIncome": "-53000000",
            "depreciation": "2596000000",
            "depreciationAndAmortization": "478000000",
            "incomeBeforeTax": "5194000000",
            "incomeTaxExpense": "571000000",
            "interestAndDebtExpense": "134000000",
            "netIncomeFromContinuingOperations": "-476000000",
            "comprehensiveIncomeNetOfTax": "4890000000",
            "ebit": "5328000000",
            "ebitda": "5806000000",
            "netIncome": "4623000000"
        },
        {
            "fiscalDateEnding": "2021-09-30",
            "reportedCurrency": "USD",
            "grossProfit": "10746000000",
            "totalRevenue": "19002000000",
            "costOfRevenue": "10162000000",
            "costofGoodsAndServicesSold": "8446000000",
            "operatingIncome": "5227000000",
            "sellingGeneralAndAdministrative": "1674000000",
            "researchAndDevelopment": "3803000000",
            "operatingExpenses": "5519000000",
            "investmentIncomeNet": "37000000",
            "netInterestIncome": "-144000000",
            "interestIncome": "37000000",
            "interestExpense": "144000000",
            "nonInterestIncome": "19146000000",
            "otherNonOperatingIncome": "31000000",
            "depreciation": "2495000000",
            "depreciationAndAmortization": "464000000",
            "incomeBeforeTax": "6858000000",
            "incomeTaxExpense": "35000000",
            "interestAndDebtExpense": "144000000",
            "netIncomeFromContinuingOperations": "6823000000",
            "comprehensiveIncomeNetOfTax": "6771000000",
            "ebit": "7002000000",
            "ebitda": "7466000000",
            "netIncome": "6823000000"
        },
        {
            "fiscalDateEnding": "2021-06-30",
            "reportedCurrency": "USD",
            "grossProfit": "11206000000",
            "totalRevenue": "19476000000",
            "costOfRevenue": "10370000000",
            "costofGoodsAndServicesSold": "8425000000",
            "operatingIncome": "5546000000",
            "sellingGeneralAndAdministrative": "1599000000",
            "researchAndDevelopment": "3715000000",
            "operatingExpenses": "5660000000",
            "investmentIncomeNet": "37000000",
            "netInterestIncome": "-129000000",
            "interestIncome": "37000000",
            "interestExpense": "129000000",
            "nonInterestIncome": "19605000000",
            "otherNonOperatingIncome": "-4000000",
            "depreciation": "2408000000",
            "depreciationAndAmortization": "449000000",
            "incomeBeforeTax": "5745000000",
            "incomeTaxExpense": "684000000",
            "interestAndDebtExpense": "129000000",
            "netIncomeFromContinuingOperations": "5061000000",
            "comprehensiveIncomeNetOfTax": "5069000000",
            "ebit": "5874000000",
            "ebitda": "6323000000",
            "netIncome": "5061000000"
        },
        {
            "fiscalDateEnding": "2021-03-31",
            "reportedCurrency": "USD",
            "grossProfit": "10854000000",
            "totalRevenue": "19398000000",
            "costOfRevenue": "12804000000",
            "costofGoodsAndServicesSold": "8819000000",
            "operatingIncome": "3694000000",
            "sellingGeneralAndAdministrative": "1328000000",
            "researchAndDevelopment": "3623000000",
            "operatingExpenses": "7160000000",
            "investmentIncomeNet": "37000000",
            "netInterestIncome": "-190000000",
            "interestIncome": "37000000",
            "interestExpense": "190000000",
            "nonInterestIncome": "19588000000",
            "otherNonOperatingIncome": "-3000000",
            "depreciation": "2454000000",
            "depreciationAndAmortization": "448000000",
            "incomeBeforeTax": "3906000000",
            "incomeTaxExpense": "545000000",
            "interestAndDebtExpense": "190000000",
            "netIncomeFromContinuingOperations": "3361000000",
            "comprehensiveIncomeNetOfTax": "3009000000",
            "ebit": "4096000000",
            "ebitda": "4544000000",
            "netIncome": "3361000000"
        },
        {
            "fiscalDateEnding": "2020-12-31",
            "reportedCurrency": "USD",
            "grossProfit": "11348000000",
            "totalRevenue": "19663000000",
            "costOfRevenue": "10885000000",
            "costofGoodsAndServicesSold": "8630000000",
            "operatingIncome": "5884000000",
            "sellingGeneralAndAdministrative": "1757000000",
            "researchAndDevelopment": "3655000000",
            "operatingExpenses": "5464000000",
            "investmentIncomeNet": "43000000",
            "netInterestIncome": "-148000000",
            "interestIncome": "43000000",
            "interestExpense": "148000000",
            "nonInterestIncome": "19811000000",
            "otherNonOperatingIncome": "17000000",
            "depreciation": "2557000000",
            "depreciationAndAmortization": "446000000",
            "incomeBeforeTax": "7488000000",
            "incomeTaxExpense": "1631000000",
            "interestAndDebtExpense": "148000000",
            "netIncomeFromContinuingOperations": "5857000000",
            "comprehensiveIncomeNetOfTax": "6046000000",
            "ebit": "7636000000",
            "ebitda": "8082000000",
            "netIncome": "5857000000"
        },
        {
            "fiscalDateEnding": "2020-09-30",
            "reportedCurrency": "USD",
            "grossProfit": "9741000000",
            "totalRevenue": "18161000000",
            "costOfRevenue": "10002000000",
            "costofGoodsAndServicesSold": "8592000000",
            "operatingIncome": "5059000000",
            "sellingGeneralAndAdministrative": "1435000000",
            "researchAndDevelopment": "3272000000",
            "operatingExpenses": "4682000000",
            "investmentIncomeNet": "53000000",
            "netInterestIncome": "-160000000",
            "interestIncome": "53000000",
            "interestExpense": "160000000",
            "nonInterestIncome": "18321000000",
            "otherNonOperatingIncome": "33000000",
            "depreciation": "2677000000",
            "depreciationAndAmortization": "446000000",
            "incomeBeforeTax": "5041000000",
            "incomeTaxExpense": "765000000",
            "interestAndDebtExpense": "160000000",
            "netIncomeFromContinuingOperations": "4276000000",
            "comprehensiveIncomeNetOfTax": "4488000000",
            "ebit": "5201000000",
            "ebitda": "5647000000",
            "netIncome": "4276000000"
        },
        {
            "fiscalDateEnding": "2020-06-30",
            "reportedCurrency": "USD",
            "grossProfit": "10507000000",
            "totalRevenue": "19487000000",
            "costOfRevenue": "10677000000",
            "costofGoodsAndServicesSold": "9221000000",
            "operatingIncome": "5697000000",
            "sellingGeneralAndAdministrative": "1447000000",
            "researchAndDevelopment": "3354000000",
            "operatingExpenses": "4810000000",
            "investmentIncomeNet": "83000000",
            "netInterestIncome": "-186000000",
            "interestIncome": "83000000",
            "interestExpense": "186000000",
            "nonInterestIncome": "19673000000",
            "otherNonOperatingIncome": "74000000",
            "depreciation": "2625000000",
            "depreciationAndAmortization": "438000000",
            "incomeBeforeTax": "5935000000",
            "incomeTaxExpense": "830000000",
            "interestAndDebtExpense": "186000000",
            "netIncomeFromContinuingOperations": "5105000000",
            "comprehensiveIncomeNetOfTax": "5494000000",
            "ebit": "6121000000",
            "ebitda": "6559000000",
            "netIncome": "5105000000"
        },
        {
            "fiscalDateEnding": "2020-03-31",
            "reportedCurrency": "USD",
            "grossProfit": "12016000000",
            "totalRevenue": "19686000000",
            "costOfRevenue": "9942000000",
            "costofGoodsAndServicesSold": "7812000000",
            "operatingIncome": "7038000000",
            "sellingGeneralAndAdministrative": "1541000000",
            "researchAndDevelopment": "3275000000",
            "operatingExpenses": "4978000000",
            "investmentIncomeNet": "93000000",
            "netInterestIncome": "-135000000",
            "interestIncome": "93000000",
            "interestExpense": "135000000",
            "nonInterestIncome": "19821000000",
            "otherNonOperatingIncome": "-271000000",
            "depreciation": "2623000000",
            "depreciationAndAmortization": "427000000",
            "incomeBeforeTax": "6614000000",
            "incomeTaxExpense": "953000000",
            "interestAndDebtExpense": "135000000",
            "netIncomeFromContinuingOperations": "5661000000",
            "comprehensiveIncomeNetOfTax": "5400000000",
            "ebit": "6749000000",
            "ebitda": "7176000000",
            "netIncome": "5661000000"
        },
        {
            "fiscalDateEnding": "2019-12-31",
            "reportedCurrency": "USD",
            "grossProfit": "11878000000",
            "totalRevenue": "19998000000",
            "costOfRevenue": "10028000000",
            "costofGoodsAndServicesSold": "8331000000",
            "operatingIncome": "6797000000",
            "sellingGeneralAndAdministrative": "1592000000",
            "researchAndDevelopment": "3384000000",
            "operatingExpenses": "5081000000",
            "investmentIncomeNet": "109000000",
            "netInterestIncome": "-108000000",
            "interestIncome": "109000000",
            "interestExpense": "108000000",
            "nonInterestIncome": "20106000000",
            "otherNonOperatingIncome": "653000000",
            "depreciation": "2557000000",
            "depreciationAndAmortization": "50000000",
            "incomeBeforeTax": "8068000000",
            "incomeTaxExpense": "1163000000",
            "interestAndDebtExpense": "108000000",
            "netIncomeFromContinuingOperations": "6905000000",
            "comprehensiveIncomeNetOfTax": "6347000000",
            "ebit": "8176000000",
            "ebitda": "8226000000",
            "netIncome": "6905000000"
        },
        {
            "fiscalDateEnding": "2019-09-30",
            "reportedCurrency": "USD",
            "grossProfit": "11295000000",
            "totalRevenue": "19029000000",
            "costOfRevenue": "9535000000",
            "costofGoodsAndServicesSold": "7895000000",
            "operatingIncome": "6447000000",
            "sellingGeneralAndAdministrative": "1536000000",
            "researchAndDevelopment": "3208000000",
            "operatingExpenses": "4848000000",
            "investmentIncomeNet": "114000000",
            "netInterestIncome": "-107000000",
            "interestIncome": "114000000",
            "interestExpense": "107000000",
            "nonInterestIncome": "19136000000",
            "otherNonOperatingIncome": "-53000000",
            "depreciation": "2268000000",
            "depreciationAndAmortization": "50000000",
            "incomeBeforeTax": "6719000000",
            "incomeTaxExpense": "729000000",
            "interestAndDebtExpense": "107000000",
            "netIncomeFromContinuingOperations": "5990000000",
            "comprehensiveIncomeNetOfTax": "5890000000",
            "ebit": "6826000000",
            "ebitda": "6876000000",
            "netIncome": "5990000000"
        },
        {
            "fiscalDateEnding": "2019-06-30",
            "reportedCurrency": "USD",
            "grossProfit": "9878000000",
            "totalRevenue": "16337000000",
            "costOfRevenue": "8450000000",
            "costofGoodsAndServicesSold": "6627000000",
            "operatingIncome": "4617000000",
            "sellingGeneralAndAdministrative": "1639000000",
            "researchAndDevelopment": "3438000000",
            "operatingExpenses": "5261000000",
            "investmentIncomeNet": "125000000",
            "netInterestIncome": "-135000000",
            "interestIncome": "125000000",
            "interestExpense": "135000000",
            "nonInterestIncome": "16472000000",
            "otherNonOperatingIncome": "-53000000",
            "depreciation": "2150000000",
            "depreciationAndAmortization": "50000000",
            "incomeBeforeTax": "4724000000",
            "incomeTaxExpense": "545000000",
            "interestAndDebtExpense": "135000000",
            "netIncomeFromContinuingOperations": "4179000000",
            "comprehensiveIncomeNetOfTax": "4370000000",
            "ebit": "4859000000",
            "ebitda": "4909000000",
            "netIncome": "4179000000"
        },
        {
            "fiscalDateEnding": "2019-03-31",
            "reportedCurrency": "USD",
            "grossProfit": "9089000000",
            "totalRevenue": "15733000000",
            "costOfRevenue": "8555000000",
            "costofGoodsAndServicesSold": "6972000000",
            "operatingIncome": "4174000000",
            "sellingGeneralAndAdministrative": "1583000000",
            "researchAndDevelopment": "3332000000",
            "operatingExpenses": "4915000000",
            "investmentIncomeNet": "135000000",
            "netInterestIncome": "-138000000",
            "interestIncome": "135000000",
            "interestExpense": "138000000",
            "nonInterestIncome": "15871000000",
            "otherNonOperatingIncome": "-58000000",
            "depreciation": "2229000000",
            "depreciationAndAmortization": "50000000",
            "incomeBeforeTax": "4547000000",
            "incomeTaxExpense": "573000000",
            "interestAndDebtExpense": "138000000",
            "netIncomeFromContinuingOperations": "3974000000",
            "comprehensiveIncomeNetOfTax": "4135000000",
            "ebit": "4685000000",
            "ebitda": "4735000000",
            "netIncome": "3974000000"
        },
        {
            "fiscalDateEnding": "2018-12-31",
            "reportedCurrency": "USD",
            "grossProfit": "11227000000",
            "totalRevenue": "18495000000",
            "costOfRevenue": "9000000000",
            "costofGoodsAndServicesSold": "7430000000",
            "operatingIncome": "6224000000",
            "sellingGeneralAndAdministrative": "1720000000",
            "researchAndDevelopment": "3433000000",
            "operatingExpenses": "5003000000",
            "investmentIncomeNet": "130000000",
            "netInterestIncome": "-131000000",
            "interestIncome": "None",
            "interestExpense": "131000000",
            "nonInterestIncome": "18626000000",
            "otherNonOperatingIncome": "-98000000",
            "depreciation": "2100000000",
            "depreciationAndAmortization": "50000000",
            "incomeBeforeTax": "5635000000",
            "incomeTaxExpense": "440000000",
            "interestAndDebtExpense": "180000000",
            "netIncomeFromContinuingOperations": "5195000000",
            "comprehensiveIncomeNetOfTax": "5324000000",
            "ebit": "5766000000",
            "ebitda": "5816000000",
            "netIncome": "5195000000"
        },
        {
            "fiscalDateEnding": "2018-09-30",
            "reportedCurrency": "USD",
            "grossProfit": "12360000000",
            "totalRevenue": "18829000000",
            "costOfRevenue": "8386000000",
            "costofGoodsAndServicesSold": "6803000000",
            "operatingIncome": "7349000000",
            "sellingGeneralAndAdministrative": "1605000000",
            "researchAndDevelopment": "3428000000",
            "operatingExpenses": "5011000000",
            "investmentIncomeNet": "109000000",
            "netInterestIncome": "-109000000",
            "interestIncome": "None",
            "interestExpense": "109000000",
            "nonInterestIncome": "18938000000",
            "otherNonOperatingIncome": "-132000000",
            "depreciation": "1884000000",
            "depreciationAndAmortization": "50000000",
            "incomeBeforeTax": "7142000000",
            "incomeTaxExpense": "744000000",
            "interestAndDebtExpense": "109000000",
            "netIncomeFromContinuingOperations": "6398000000",
            "comprehensiveIncomeNetOfTax": "6384000000",
            "ebit": "7251000000",
            "ebitda": "7301000000",
            "netIncome": "6398000000"
        },
        {
            "fiscalDateEnding": "2018-06-30",
            "reportedCurrency": "USD",
            "grossProfit": "10419000000",
            "totalRevenue": "16713000000",
            "costOfRevenue": "8318000000",
            "costofGoodsAndServicesSold": "6543000000",
            "operatingIncome": "5273000000",
            "sellingGeneralAndAdministrative": "1725000000",
            "researchAndDevelopment": "3371000000",
            "operatingExpenses": "5146000000",
            "investmentIncomeNet": "108000000",
            "netInterestIncome": "-116000000",
            "interestIncome": "None",
            "interestExpense": "116000000",
            "nonInterestIncome": "-133000000",
            "otherNonOperatingIncome": "467000000",
            "depreciation": "1730000000",
            "depreciationAndAmortization": "50000000",
            "incomeBeforeTax": "5529000000",
            "incomeTaxExpense": "523000000",
            "interestAndDebtExpense": "116000000",
            "netIncomeFromContinuingOperations": "5006000000",
            "comprehensiveIncomeNetOfTax": "4600000000",
            "ebit": "5645000000",
            "ebitda": "5695000000",
            "netIncome": "5006000000"
        },
        {
            "fiscalDateEnding": "2018-03-31",
            "reportedCurrency": "USD",
            "grossProfit": "9731000000",
            "totalRevenue": "16678000000",
            "costOfRevenue": "8285000000",
            "costofGoodsAndServicesSold": "6335000000",
            "operatingIncome": "4470000000",
            "sellingGeneralAndAdministrative": "1900000000",
            "researchAndDevelopment": "3311000000",
            "operatingExpenses": "5261000000",
            "investmentIncomeNet": "91000000",
            "netInterestIncome": "-112000000",
            "interestIncome": "None",
            "interestExpense": "112000000",
            "nonInterestIncome": "724000000",
            "otherNonOperatingIncome": "-81000000",
            "depreciation": "1806000000",
            "depreciationAndAmortization": "50000000",
            "incomeBeforeTax": "5011000000",
            "incomeTaxExpense": "557000000",
            "interestAndDebtExpense": "112000000",
            "netIncomeFromContinuingOperations": "4454000000",
            "comprehensiveIncomeNetOfTax": "4699000000",
            "ebit": "5123000000",
            "ebitda": "5173000000",
            "netIncome": "4454000000"
        },
        {
            "fiscalDateEnding": "2017-12-31",
            "reportedCurrency": "USD",
            "grossProfit": "10778000000",
            "totalRevenue": "19007000000",
            "costOfRevenue": "8384000000",
            "costofGoodsAndServicesSold": "6275000000",
            "operatingIncome": "5435000000",
            "sellingGeneralAndAdministrative": "1842000000",
            "researchAndDevelopment": "3253000000",
            "operatingExpenses": "5343000000",
            "investmentIncomeNet": "92000000",
            "netInterestIncome": "-153000000",
            "interestIncome": "None",
            "interestExpense": "153000000",
            "nonInterestIncome": "-43601000000",
            "otherNonOperatingIncome": "-550000000",
            "depreciation": "1762000000",
            "depreciationAndAmortization": "53000000",
            "incomeBeforeTax": "6035000000",
            "incomeTaxExpense": "6722000000",
            "interestAndDebtExpense": "629000000",
            "netIncomeFromContinuingOperations": "-687000000",
            "comprehensiveIncomeNetOfTax": "-1435000000",
            "ebit": "6188000000",
            "ebitda": "6241000000",
            "netIncome": "-687000000"
        },
        {
            "fiscalDateEnding": "2017-09-30",
            "reportedCurrency": "USD",
            "grossProfit": "10064000000",
            "totalRevenue": "15958000000",
            "costOfRevenue": "7811000000",
            "costofGoodsAndServicesSold": "6085000000",
            "operatingIncome": "5141000000",
            "sellingGeneralAndAdministrative": "1661000000",
            "researchAndDevelopment": "3209000000",
            "operatingExpenses": "4923000000",
            "investmentIncomeNet": "137000000",
            "netInterestIncome": "-191000000",
            "interestIncome": "None",
            "interestExpense": "191000000",
            "nonInterestIncome": "16149000000",
            "otherNonOperatingIncome": "-3000000",
            "depreciation": "1690000000",
            "depreciationAndAmortization": "49000000",
            "incomeBeforeTax": "5930000000",
            "incomeTaxExpense": "1414000000",
            "interestAndDebtExpense": "191000000",
            "netIncomeFromContinuingOperations": "4516000000",
            "comprehensiveIncomeNetOfTax": "4952000000",
            "ebit": "6121000000",
            "ebitda": "6170000000",
            "netIncome": "4516000000"
        },
        {
            "fiscalDateEnding": "2017-06-30",
            "reportedCurrency": "USD",
            "grossProfit": "9096000000",
            "totalRevenue": "14607000000",
            "costOfRevenue": "7659000000",
            "costofGoodsAndServicesSold": "5667000000",
            "operatingIncome": "3842000000",
            "sellingGeneralAndAdministrative": "1850000000",
            "researchAndDevelopment": "3262000000",
            "operatingExpenses": "5254000000",
            "investmentIncomeNet": "136000000",
            "netInterestIncome": "-156000000",
            "interestIncome": "None",
            "interestExpense": "156000000",
            "nonInterestIncome": "None",
            "otherNonOperatingIncome": "408000000",
            "depreciation": "1675000000",
            "depreciationAndAmortization": "37000000",
            "incomeBeforeTax": "4572000000",
            "incomeTaxExpense": "1764000000",
            "interestAndDebtExpense": "156000000",
            "netIncomeFromContinuingOperations": "2808000000",
            "comprehensiveIncomeNetOfTax": "3119000000",
            "ebit": "4728000000",
            "ebitda": "4765000000",
            "netIncome": "2808000000"
        },
        {
            "fiscalDateEnding": "2017-03-31",
            "reportedCurrency": "USD",
            "grossProfit": "9160000000",
            "totalRevenue": "14650000000",
            "costOfRevenue": "7853000000",
            "costofGoodsAndServicesSold": "5636000000",
            "operatingIncome": "3632000000",
            "sellingGeneralAndAdministrative": "2099000000",
            "researchAndDevelopment": "3311000000",
            "operatingExpenses": "5528000000",
            "investmentIncomeNet": "76000000",
            "netInterestIncome": "-146000000",
            "interestIncome": "None",
            "interestExpense": "146000000",
            "nonInterestIncome": "None",
            "otherNonOperatingIncome": "1000000",
            "depreciation": "1625000000",
            "depreciationAndAmortization": "38000000",
            "incomeBeforeTax": "3815000000",
            "incomeTaxExpense": "851000000",
            "interestAndDebtExpense": "146000000",
            "netIncomeFromContinuingOperations": "2964000000",
            "comprehensiveIncomeNetOfTax": "3721000000",
            "ebit": "3961000000",
            "ebitda": "3999000000",
            "netIncome": "2964000000"
        },
        {
            "fiscalDateEnding": "2016-12-31",
            "reportedCurrency": "USD",
            "grossProfit": "10147000000",
            "totalRevenue": "16216000000",
            "costOfRevenue": "9798000000",
            "costofGoodsAndServicesSold": "6227000000",
            "operatingIncome": "4785000000",
            "sellingGeneralAndAdministrative": "2138000000",
            "researchAndDevelopment": "3225000000",
            "operatingExpenses": "5362000000",
            "investmentIncomeNet": "63000000",
            "netInterestIncome": "-158000000",
            "interestIncome": "None",
            "interestExpense": "158000000",
            "nonInterestIncome": "None",
            "otherNonOperatingIncome": "-268000000",
            "depreciation": "1582000000",
            "depreciationAndAmortization": "41000000",
            "incomeBeforeTax": "4440000000",
            "incomeTaxExpense": "878000000",
            "interestAndDebtExpense": "158000000",
            "netIncomeFromContinuingOperations": "3562000000",
            "comprehensiveIncomeNetOfTax": "3268000000",
            "ebit": "4598000000",
            "ebitda": "4639000000",
            "netIncome": "3562000000"
        },
        {
            "fiscalDateEnding": "2016-09-30",
            "reportedCurrency": "USD",
            "grossProfit": "9983000000",
            "totalRevenue": "15598000000",
            "costOfRevenue": "8247000000",
            "costofGoodsAndServicesSold": "5795000000",
            "operatingIncome": "4462000000",
            "sellingGeneralAndAdministrative": "2006000000",
            "researchAndDevelopment": "3069000000",
            "operatingExpenses": "5521000000",
            "investmentIncomeNet": "56000000",
            "netInterestIncome": "-180000000",
            "interestIncome": "None",
            "interestExpense": "180000000",
            "nonInterestIncome": "None",
            "otherNonOperatingIncome": "-8000000",
            "depreciation": "1543000000",
            "depreciationAndAmortization": "74000000",
            "incomeBeforeTax": "4318000000",
            "incomeTaxExpense": "940000000",
            "interestAndDebtExpense": "180000000",
            "netIncomeFromContinuingOperations": "3378000000",
            "comprehensiveIncomeNetOfTax": "3858000000",
            "ebit": "4498000000",
            "ebitda": "4572000000",
            "netIncome": "3378000000"
        },
        {
            "fiscalDateEnding": "2016-06-30",
            "reportedCurrency": "USD",
            "grossProfit": "7973000000",
            "totalRevenue": "13346000000",
            "costOfRevenue": "9376000000",
            "costofGoodsAndServicesSold": "5560000000",
            "operatingIncome": "1318000000",
            "sellingGeneralAndAdministrative": "2007000000",
            "researchAndDevelopment": "3145000000",
            "operatingExpenses": "6655000000",
            "investmentIncomeNet": "51000000",
            "netInterestIncome": "-187000000",
            "interestIncome": "None",
            "interestExpense": "187000000",
            "nonInterestIncome": "None",
            "otherNonOperatingIncome": "-126000000",
            "depreciation": "1522000000",
            "depreciationAndAmortization": "395000000",
            "incomeBeforeTax": "1670000000",
            "incomeTaxExpense": "340000000",
            "interestAndDebtExpense": "187000000",
            "netIncomeFromContinuingOperations": "1330000000",
            "comprehensiveIncomeNetOfTax": "690000000",
            "ebit": "1857000000",
            "ebitda": "2252000000",
            "netIncome": "1330000000"
        },
        {
            "fiscalDateEnding": "2016-03-31",
            "reportedCurrency": "USD",
            "grossProfit": "8130000000",
            "totalRevenue": "13494000000",
            "costOfRevenue": "8194000000",
            "costofGoodsAndServicesSold": "5572000000",
            "operatingIncome": "2568000000",
            "sellingGeneralAndAdministrative": "2226000000",
            "researchAndDevelopment": "3246000000",
            "operatingExpenses": "5562000000",
            "investmentIncomeNet": "52000000",
            "netInterestIncome": "-208000000",
            "interestIncome": "None",
            "interestExpense": "208000000",
            "nonInterestIncome": "None",
            "otherNonOperatingIncome": "-82000000",
            "depreciation": "1619000000",
            "depreciationAndAmortization": "396000000",
            "incomeBeforeTax": "2508000000",
            "incomeTaxExpense": "462000000",
            "interestAndDebtExpense": "208000000",
            "netIncomeFromContinuingOperations": "2046000000",
            "comprehensiveIncomeNetOfTax": "2546000000",
            "ebit": "2716000000",
            "ebitda": "3112000000",
            "netIncome": "2046000000"
        },
        {
            "fiscalDateEnding": "2015-12-31",
            "reportedCurrency": "USD",
            "grossProfit": "9590000000",
            "totalRevenue": "14788000000",
            "costOfRevenue": "7639000000",
            "costofGoodsAndServicesSold": "5324000000",
            "operatingIncome": "4299000000",
            "sellingGeneralAndAdministrative": "2118000000",
            "researchAndDevelopment": "3119000000",
            "operatingExpenses": "5291000000",
            "investmentIncomeNet": "33000000",
            "netInterestIncome": "-126000000",
            "interestIncome": "None",
            "interestExpense": "126000000",
            "nonInterestIncome": "None",
            "otherNonOperatingIncome": "199000000",
            "depreciation": "1936000000",
            "depreciationAndAmortization": "-415000000",
            "incomeBeforeTax": "4303000000",
            "incomeTaxExpense": "690000000",
            "interestAndDebtExpense": "126000000",
            "netIncomeFromContinuingOperations": "3613000000",
            "comprehensiveIncomeNetOfTax": "4008000000",
            "ebit": "4429000000",
            "ebitda": "4014000000",
            "netIncome": "3613000000"
        },
        {
            "fiscalDateEnding": "2015-09-30",
            "reportedCurrency": "USD",
            "grossProfit": "9111000000",
            "totalRevenue": "14349000000",
            "costOfRevenue": "7493000000",
            "costofGoodsAndServicesSold": "5354000000",
            "operatingIncome": "4192000000",
            "sellingGeneralAndAdministrative": "1910000000",
            "researchAndDevelopment": "2927000000",
            "operatingExpenses": "4919000000",
            "investmentIncomeNet": "31000000",
            "netInterestIncome": "-116000000",
            "interestIncome": "None",
            "interestExpense": "116000000",
            "nonInterestIncome": "None",
            "otherNonOperatingIncome": "-104000000",
            "depreciation": "2060000000",
            "depreciationAndAmortization": "215000000",
            "incomeBeforeTax": "4253000000",
            "incomeTaxExpense": "1144000000",
            "interestAndDebtExpense": "116000000",
            "netIncomeFromContinuingOperations": "3109000000",
            "comprehensiveIncomeNetOfTax": "2129000000",
            "ebit": "4369000000",
            "ebitda": "4584000000",
            "netIncome": "3109000000"
        },
        {
            "fiscalDateEnding": "2015-06-30",
            "reportedCurrency": "USD",
            "grossProfit": "8248000000",
            "totalRevenue": "13142000000",
            "costOfRevenue": "7358000000",
            "costofGoodsAndServicesSold": "4947000000",
            "operatingIncome": "2896000000",
            "sellingGeneralAndAdministrative": "1949000000",
            "researchAndDevelopment": "3087000000",
            "operatingExpenses": "5352000000",
            "investmentIncomeNet": "28000000",
            "netInterestIncome": "-53000000",
            "interestIncome": "None",
            "interestExpense": "53000000",
            "nonInterestIncome": "None",
            "otherNonOperatingIncome": "None",
            "depreciation": "1977000000",
            "depreciationAndAmortization": "214000000",
            "incomeBeforeTax": "2983000000",
            "incomeTaxExpense": "277000000",
            "interestAndDebtExpense": "53000000",
            "netIncomeFromContinuingOperations": "2706000000",
            "comprehensiveIncomeNetOfTax": "3283000000",
            "ebit": "3036000000",
            "ebitda": "3250000000",
            "netIncome": "2706000000"
        },
        {
            "fiscalDateEnding": "2015-03-31",
            "reportedCurrency": "USD",
            "grossProfit": "7730000000",
            "totalRevenue": "12739000000",
            "costOfRevenue": "7360000000",
            "costofGoodsAndServicesSold": "5051000000",
            "operatingIncome": "2615000000",
            "sellingGeneralAndAdministrative": "1953000000",
            "researchAndDevelopment": "2995000000",
            "operatingExpenses": "5115000000",
            "investmentIncomeNet": "32000000",
            "netInterestIncome": "-42000000",
            "interestIncome": "None",
            "interestExpense": "42000000",
            "nonInterestIncome": "None",
            "otherNonOperatingIncome": "None",
            "depreciation": "1848000000",
            "depreciationAndAmortization": "251000000",
            "incomeBeforeTax": "2673000000",
            "incomeTaxExpense": "681000000",
            "interestAndDebtExpense": "42000000",
            "netIncomeFromContinuingOperations": "1992000000",
            "comprehensiveIncomeNetOfTax": "1394000000",
            "ebit": "2715000000",
            "ebitda": "2966000000",
            "netIncome": "1992000000"
        },
        {
            "fiscalDateEnding": "2014-12-31",
            "reportedCurrency": "USD",
            "grossProfit": "9621000000",
            "totalRevenue": "14668000000",
            "costOfRevenue": "7491000000",
            "costofGoodsAndServicesSold": "5100000000",
            "operatingIncome": "4453000000",
            "sellingGeneralAndAdministrative": "2049000000",
            "researchAndDevelopment": "2990000000",
            "operatingExpenses": "5168000000",
            "investmentIncomeNet": "33000000",
            "netInterestIncome": "-53000000",
            "interestIncome": "None",
            "interestExpense": "53000000",
            "nonInterestIncome": "None",
            "otherNonOperatingIncome": "None",
            "depreciation": "1889000000",
            "depreciationAndAmortization": "285000000",
            "incomeBeforeTax": "4659000000",
            "incomeTaxExpense": "998000000",
            "interestAndDebtExpense": "53000000",
            "netIncomeFromContinuingOperations": "3661000000",
            "comprehensiveIncomeNetOfTax": "3381000000",
            "ebit": "4712000000",
            "ebitda": "4997000000",
            "netIncome": "3661000000"
        },
        {
            "fiscalDateEnding": "2014-09-30",
            "reportedCurrency": "USD",
            "grossProfit": "9458000000",
            "totalRevenue": "14501000000",
            "costOfRevenue": "7402000000",
            "costofGoodsAndServicesSold": "5096000000",
            "operatingIncome": "4540000000",
            "sellingGeneralAndAdministrative": "1979000000",
            "researchAndDevelopment": "2842000000",
            "operatingExpenses": "4918000000",
            "investmentIncomeNet": "35000000",
            "netInterestIncome": "-53000000",
            "interestIncome": "None",
            "interestExpense": "53000000",
            "nonInterestIncome": "None",
            "otherNonOperatingIncome": "None",
            "depreciation": "1891000000",
            "depreciationAndAmortization": "307000000",
            "incomeBeforeTax": "4550000000",
            "incomeTaxExpense": "1233000000",
            "interestAndDebtExpense": "53000000",
            "netIncomeFromContinuingOperations": "3317000000",
            "comprehensiveIncomeNetOfTax": "3143000000",
            "ebit": "4603000000",
            "ebitda": "4910000000",
            "netIncome": "3317000000"
        },
        {
            "fiscalDateEnding": "2014-06-30",
            "reportedCurrency": "USD",
            "grossProfit": "8917000000",
            "totalRevenue": "13782000000",
            "costOfRevenue": "7346000000",
            "costofGoodsAndServicesSold": "4914000000",
            "operatingIncome": "3844000000",
            "sellingGeneralAndAdministrative": "2061000000",
            "researchAndDevelopment": "2859000000",
            "operatingExpenses": "5073000000",
            "investmentIncomeNet": "38000000",
            "netInterestIncome": "-49000000",
            "interestIncome": "None",
            "interestExpense": "49000000",
            "nonInterestIncome": "None",
            "otherNonOperatingIncome": "None",
            "depreciation": "1880000000",
            "depreciationAndAmortization": "290000000",
            "incomeBeforeTax": "3922000000",
            "incomeTaxExpense": "1126000000",
            "interestAndDebtExpense": "49000000",
            "netIncomeFromContinuingOperations": "2796000000",
            "comprehensiveIncomeNetOfTax": "2760000000",
            "ebit": "3971000000",
            "ebitda": "4261000000",
            "netIncome": "2796000000"
        },
        {
            "fiscalDateEnding": "2014-03-31",
            "reportedCurrency": "USD",
            "grossProfit": "7613000000",
            "totalRevenue": "12727000000",
            "costOfRevenue": "7622000000",
            "costofGoodsAndServicesSold": "5151000000",
            "operatingIncome": "2510000000",
            "sellingGeneralAndAdministrative": "2047000000",
            "researchAndDevelopment": "2846000000",
            "operatingExpenses": "5103000000",
            "investmentIncomeNet": "35000000",
            "netInterestIncome": "-37000000",
            "interestIncome": "None",
            "interestExpense": "37000000",
            "nonInterestIncome": "None",
            "otherNonOperatingIncome": "None",
            "depreciation": "1720000000",
            "depreciationAndAmortization": "287000000",
            "incomeBeforeTax": "2670000000",
            "incomeTaxExpense": "740000000",
            "interestAndDebtExpense": "37000000",
            "netIncomeFromContinuingOperations": "1930000000",
            "comprehensiveIncomeNetOfTax": "1843000000",
            "ebit": "2707000000",
            "ebitda": "2994000000",
            "netIncome": "1930000000"
        },
        {
            "fiscalDateEnding": "2013-12-31",
            "reportedCurrency": "USD",
            "grossProfit": "8571000000",
            "totalRevenue": "13779000000",
            "costOfRevenue": "7674000000",
            "costofGoodsAndServicesSold": "5263000000",
            "operatingIncome": "3549000000",
            "sellingGeneralAndAdministrative": "2006000000",
            "researchAndDevelopment": "2826000000",
            "operatingExpenses": "5022000000",
            "investmentIncomeNet": "31000000",
            "netInterestIncome": "-55000000",
            "interestIncome": "None",
            "interestExpense": "55000000",
            "nonInterestIncome": "None",
            "otherNonOperatingIncome": "None",
            "depreciation": "1667000000",
            "depreciationAndAmortization": "289000000",
            "incomeBeforeTax": "3551000000",
            "incomeTaxExpense": "926000000",
            "interestAndDebtExpense": "55000000",
            "netIncomeFromContinuingOperations": "2625000000",
            "comprehensiveIncomeNetOfTax": "2820000000",
            "ebit": "3606000000",
            "ebitda": "3895000000",
            "netIncome": "2625000000"
        },
        {
            "fiscalDateEnding": "2013-09-30",
            "reportedCurrency": "USD",
            "grossProfit": "8414000000",
            "totalRevenue": "13427000000",
            "costOfRevenue": "7455000000",
            "costofGoodsAndServicesSold": "5069000000",
            "operatingIncome": "3504000000",
            "sellingGeneralAndAdministrative": "1970000000",
            "researchAndDevelopment": "2742000000",
            "operatingExpenses": "4910000000",
            "investmentIncomeNet": "24000000",
            "netInterestIncome": "-56000000",
            "interestIncome": "None",
            "interestExpense": "56000000",
            "nonInterestIncome": "None",
            "otherNonOperatingIncome": "None",
            "depreciation": "1729000000",
            "depreciationAndAmortization": "292000000",
            "incomeBeforeTax": "3924000000",
            "incomeTaxExpense": "974000000",
            "interestAndDebtExpense": "56000000",
            "netIncomeFromContinuingOperations": "2950000000",
            "comprehensiveIncomeNetOfTax": "3853000000",
            "ebit": "3980000000",
            "ebitda": "4272000000",
            "netIncome": "2950000000"
        },
        {
            "fiscalDateEnding": "2013-06-30",
            "reportedCurrency": "USD",
            "grossProfit": "7470000000",
            "totalRevenue": "12751000000",
            "costOfRevenue": "7785000000",
            "costofGoodsAndServicesSold": "5341000000",
            "operatingIncome": "2719000000",
            "sellingGeneralAndAdministrative": "2165000000",
            "researchAndDevelopment": "2516000000",
            "operatingExpenses": "4751000000",
            "investmentIncomeNet": "26000000",
            "netInterestIncome": "-60000000",
            "interestIncome": "None",
            "interestExpense": "60000000",
            "nonInterestIncome": "None",
            "otherNonOperatingIncome": "None",
            "depreciation": "1712000000",
            "depreciationAndAmortization": "279000000",
            "incomeBeforeTax": "2693000000",
            "incomeTaxExpense": "693000000",
            "interestAndDebtExpense": "60000000",
            "netIncomeFromContinuingOperations": "2693000000",
            "comprehensiveIncomeNetOfTax": "2555000000",
            "ebit": "2753000000",
            "ebitda": "3032000000",
            "netIncome": "2000000000"
        },
        {
            "fiscalDateEnding": "2013-03-31",
            "reportedCurrency": "USD",
            "grossProfit": "7066000000",
            "totalRevenue": "12507000000",
            "costOfRevenue": "7843000000",
            "costofGoodsAndServicesSold": "5514000000",
            "operatingIncome": "2519000000",
            "sellingGeneralAndAdministrative": "1947000000",
            "researchAndDevelopment": "2527000000",
            "operatingExpenses": "4547000000",
            "investmentIncomeNet": "23000000",
            "netInterestIncome": "-73000000",
            "interestIncome": "None",
            "interestExpense": "73000000",
            "nonInterestIncome": "None",
            "otherNonOperatingIncome": "None",
            "depreciation": "1682000000",
            "depreciationAndAmortization": "382000000",
            "incomeBeforeTax": "2443000000",
            "incomeTaxExpense": "398000000",
            "interestAndDebtExpense": "73000000",
            "netIncomeFromContinuingOperations": "2443000000",
            "comprehensiveIncomeNetOfTax": "2034000000",
            "ebit": "2516000000",
            "ebitda": "2898000000",
            "netIncome": "2045000000"
        },
        {
            "fiscalDateEnding": "2012-12-31",
            "reportedCurrency": "USD",
            "grossProfit": "7817000000",
            "totalRevenue": "13509000000",
            "costOfRevenue": "7982000000",
            "costofGoodsAndServicesSold": "5660000000",
            "operatingIncome": "3155000000",
            "sellingGeneralAndAdministrative": "1958000000",
            "researchAndDevelopment": "2629000000",
            "operatingExpenses": "4662000000",
            "investmentIncomeNet": "21000000",
            "netInterestIncome": "-24000000",
            "interestIncome": "None",
            "interestExpense": "24000000",
            "nonInterestIncome": "None",
            "otherNonOperatingIncome": "None",
            "depreciation": "1641000000",
            "depreciationAndAmortization": "364000000",
            "incomeBeforeTax": "3204000000",
            "incomeTaxExpense": "736000000",
            "interestAndDebtExpense": "24000000",
            "netIncomeFromContinuingOperations": "-671000000",
            "comprehensiveIncomeNetOfTax": "2570000000",
            "ebit": "3228000000",
            "ebitda": "3592000000",
            "netIncome": "2468000000"
        },
        {
            "fiscalDateEnding": "2012-09-30",
            "reportedCurrency": "USD",
            "grossProfit": "8515000000",
            "totalRevenue": "13509000000",
            "costOfRevenue": "6937000000",
            "costofGoodsAndServicesSold": "4942000000",
            "operatingIncome": "3841000000",
            "sellingGeneralAndAdministrative": "1995000000",
            "researchAndDevelopment": "2605000000",
            "operatingExpenses": "4674000000",
            "investmentIncomeNet": "23000000",
            "netInterestIncome": "-14000000",
            "interestIncome": "None",
            "interestExpense": "14000000",
            "nonInterestIncome": "None",
            "otherNonOperatingIncome": "None",
            "depreciation": "1625000000",
            "depreciationAndAmortization": "268000000",
            "incomeBeforeTax": "3921000000",
            "incomeTaxExpense": "949000000",
            "interestAndDebtExpense": "14000000",
            "netIncomeFromContinuingOperations": "3921000000",
            "comprehensiveIncomeNetOfTax": "3328000000",
            "ebit": "3935000000",
            "ebitda": "4203000000",
            "netIncome": "2972000000"
        },
        {
            "fiscalDateEnding": "2012-06-30",
            "reportedCurrency": "USD",
            "grossProfit": "8554000000",
            "totalRevenue": "13514000000",
            "costOfRevenue": "7113000000",
            "costofGoodsAndServicesSold": "4947000000",
            "operatingIncome": "3832000000",
            "sellingGeneralAndAdministrative": "2131000000",
            "researchAndDevelopment": "2513000000",
            "operatingExpenses": "4722000000",
            "investmentIncomeNet": "25000000",
            "netInterestIncome": "-21000000",
            "interestIncome": "None",
            "interestExpense": "21000000",
            "nonInterestIncome": "None",
            "otherNonOperatingIncome": "None",
            "depreciation": "1572000000",
            "depreciationAndAmortization": "267000000",
            "incomeBeforeTax": "3934000000",
            "incomeTaxExpense": "1107000000",
            "interestAndDebtExpense": "21000000",
            "netIncomeFromContinuingOperations": "3934000000",
            "comprehensiveIncomeNetOfTax": "2574000000",
            "ebit": "3832000000",
            "ebitda": "4099000000",
            "netIncome": "2827000000"
        },
        {
            "fiscalDateEnding": "2012-03-31",
            "reportedCurrency": "USD",
            "grossProfit": "8265000000",
            "totalRevenue": "12875000000",
            "costOfRevenue": "6880000000",
            "costofGoodsAndServicesSold": "4641000000",
            "operatingIncome": "3810000000",
            "sellingGeneralAndAdministrative": "1973000000",
            "researchAndDevelopment": "2401000000",
            "operatingExpenses": "4455000000",
            "investmentIncomeNet": "28000000",
            "netInterestIncome": "-31000000",
            "interestIncome": "None",
            "interestExpense": "31000000",
            "nonInterestIncome": "None",
            "otherNonOperatingIncome": "None",
            "depreciation": "1519000000",
            "depreciationAndAmortization": "266000000",
            "incomeBeforeTax": "3814000000",
            "incomeTaxExpense": "1076000000",
            "interestAndDebtExpense": "31000000",
            "netIncomeFromContinuingOperations": "3814000000",
            "comprehensiveIncomeNetOfTax": "2915000000",
            "ebit": "3810000000",
            "ebitda": "4076000000",
            "netIncome": "2738000000"
        },
        {
            "fiscalDateEnding": "2011-12-31",
            "reportedCurrency": "USD",
            "grossProfit": "8952000000",
            "totalRevenue": "13869000000",
            "costOfRevenue": "7093000000",
            "costofGoodsAndServicesSold": "4935000000",
            "operatingIncome": "4599000000",
            "sellingGeneralAndAdministrative": "1973000000",
            "researchAndDevelopment": "2308000000",
            "operatingExpenses": "4353000000",
            "investmentIncomeNet": "28000000",
            "netInterestIncome": "-35000000",
            "interestIncome": "None",
            "interestExpense": "35000000",
            "nonInterestIncome": "None",
            "otherNonOperatingIncome": "None",
            "depreciation": "1333000000",
            "depreciationAndAmortization": "256000000",
            "incomeBeforeTax": "4587000000",
            "incomeTaxExpense": "1227000000",
            "interestAndDebtExpense": "35000000",
            "netIncomeFromContinuingOperations": "-276000000",
            "comprehensiveIncomeNetOfTax": "2611000000",
            "ebit": "4599000000",
            "ebitda": "4855000000",
            "netIncome": "3360000000"
        },
        {
            "fiscalDateEnding": "2011-09-30",
            "reportedCurrency": "USD",
            "grossProfit": "9018000000",
            "totalRevenue": "14419000000",
            "costOfRevenue": "7232000000",
            "costofGoodsAndServicesSold": "5215000000",
            "operatingIncome": "4785000000",
            "sellingGeneralAndAdministrative": "2017000000",
            "researchAndDevelopment": "2140000000",
            "operatingExpenses": "4233000000",
            "investmentIncomeNet": "22000000",
            "netInterestIncome": "0",
            "interestIncome": "None",
            "interestExpense": "0",
            "nonInterestIncome": "None",
            "otherNonOperatingIncome": "None",
            "depreciation": "1273000000",
            "depreciationAndAmortization": "256000000",
            "incomeBeforeTax": "4892000000",
            "incomeTaxExpense": "1424000000",
            "interestAndDebtExpense": "0",
            "netIncomeFromContinuingOperations": "4892000000",
            "comprehensiveIncomeNetOfTax": "2970000000",
            "ebit": "4785000000",
            "ebitda": "5041000000",
            "netIncome": "3468000000"
        },
        {
            "fiscalDateEnding": "2011-06-30",
            "reportedCurrency": "USD",
            "grossProfit": "7902000000",
            "totalRevenue": "13068000000",
            "costOfRevenue": "7035000000",
            "costofGoodsAndServicesSold": "5130000000",
            "operatingIncome": "3935000000",
            "sellingGeneralAndAdministrative": "1905000000",
            "researchAndDevelopment": "1986000000",
            "operatingExpenses": "3967000000",
            "investmentIncomeNet": "20000000",
            "netInterestIncome": "0",
            "interestIncome": "None",
            "interestExpense": "0",
            "nonInterestIncome": "None",
            "otherNonOperatingIncome": "None",
            "depreciation": "1248000000",
            "depreciationAndAmortization": "256000000",
            "incomeBeforeTax": "8302000000",
            "incomeTaxExpense": "2188000000",
            "interestAndDebtExpense": "0",
            "netIncomeFromContinuingOperations": "3931000000",
            "comprehensiveIncomeNetOfTax": "2939000000",
            "ebit": "3935000000",
            "ebitda": "4191000000",
            "netIncome": "2954000000"
        },
        {
            "fiscalDateEnding": "2011-03-31",
            "reportedCurrency": "USD",
            "grossProfit": "7885000000",
            "totalRevenue": "12869000000",
            "costOfRevenue": "6892000000",
            "costofGoodsAndServicesSold": "4962000000",
            "operatingIncome": "4158000000",
            "sellingGeneralAndAdministrative": "1775000000",
            "researchAndDevelopment": "1916000000",
            "operatingExpenses": "3727000000",
            "investmentIncomeNet": "28000000",
            "netInterestIncome": "-6000000",
            "interestIncome": "None",
            "interestExpense": "6000000",
            "nonInterestIncome": "None",
            "otherNonOperatingIncome": "None",
            "depreciation": "1287000000",
            "depreciationAndAmortization": "155000000",
            "incomeBeforeTax": "4371000000",
            "incomeTaxExpense": "1211000000",
            "interestAndDebtExpense": "6000000",
            "netIncomeFromContinuingOperations": "4371000000",
            "comprehensiveIncomeNetOfTax": "3308000000",
            "ebit": "4158000000",
            "ebitda": "4313000000",
            "netIncome": "3160000000"
        },
        {
            "fiscalDateEnding": "2010-12-31",
            "reportedCurrency": "USD",
            "grossProfit": "7406000000",
            "totalRevenue": "11457000000",
            "costOfRevenue": "5816000000",
            "costofGoodsAndServicesSold": "4051000000",
            "operatingIncome": "4023000000",
            "sellingGeneralAndAdministrative": "1705000000",
            "researchAndDevelopment": "1671000000",
            "operatingExpenses": "3383000000",
            "investmentIncomeNet": "29000000",
            "netInterestIncome": "None",
            "interestIncome": "None",
            "interestExpense": "315000000",
            "nonInterestIncome": "None",
            "otherNonOperatingIncome": "None",
            "depreciation": "1146000000",
            "depreciationAndAmortization": "60000000",
            "incomeBeforeTax": "4163000000",
            "incomeTaxExpense": "983000000",
            "interestAndDebtExpense": "None",
            "netIncomeFromContinuingOperations": "-570000000",
            "comprehensiveIncomeNetOfTax": "2982000000",
            "ebit": "4023000000",
            "ebitda": "4083000000",
            "netIncome": "3180000000"
        },
        {
            "fiscalDateEnding": "2010-09-30",
            "reportedCurrency": "USD",
            "grossProfit": "7321000000",
            "totalRevenue": "11102000000",
            "costOfRevenue": "5287000000",
            "costofGoodsAndServicesSold": "3781000000",
            "operatingIncome": "4136000000",
            "sellingGeneralAndAdministrative": "1506000000",
            "researchAndDevelopment": "1675000000",
            "operatingExpenses": "3185000000",
            "investmentIncomeNet": "35000000",
            "netInterestIncome": "None",
            "interestIncome": "None",
            "interestExpense": "192000000",
            "nonInterestIncome": "None",
            "otherNonOperatingIncome": "None",
            "depreciation": "1086000000",
            "depreciationAndAmortization": "56000000",
            "incomeBeforeTax": "4251000000",
            "incomeTaxExpense": "1296000000",
            "interestAndDebtExpense": "None",
            "netIncomeFromContinuingOperations": "4143000000",
            "comprehensiveIncomeNetOfTax": "3255000000",
            "ebit": "4136000000",
            "ebitda": "4192000000",
            "netIncome": "2955000000"
        },
        {
            "fiscalDateEnding": "2010-06-30",
            "reportedCurrency": "USD",
            "grossProfit": "7235000000",
            "totalRevenue": "10765000000",
            "costOfRevenue": "5114000000",
            "costofGoodsAndServicesSold": "3530000000",
            "operatingIncome": "3981000000",
            "sellingGeneralAndAdministrative": "1584000000",
            "researchAndDevelopment": "1666000000",
            "operatingExpenses": "3254000000",
            "investmentIncomeNet": "29000000",
            "netInterestIncome": "None",
            "interestIncome": "None",
            "interestExpense": "397000000",
            "nonInterestIncome": "None",
            "otherNonOperatingIncome": "None",
            "depreciation": "1086000000",
            "depreciationAndAmortization": "63000000",
            "incomeBeforeTax": "4185000000",
            "incomeTaxExpense": "1298000000",
            "interestAndDebtExpense": "None",
            "netIncomeFromContinuingOperations": "4001000000",
            "comprehensiveIncomeNetOfTax": "2704000000",
            "ebit": "3981000000",
            "ebitda": "4044000000",
            "netIncome": "2887000000"
        },
        {
            "fiscalDateEnding": "2010-03-31",
            "reportedCurrency": "USD",
            "grossProfit": "6529000000",
            "totalRevenue": "10299000000",
            "costOfRevenue": "5345000000",
            "costofGoodsAndServicesSold": "3770000000",
            "operatingIncome": "3448000000",
            "sellingGeneralAndAdministrative": "1514000000",
            "researchAndDevelopment": "1564000000",
            "operatingExpenses": "3081000000",
            "investmentIncomeNet": "26000000",
            "netInterestIncome": "None",
            "interestIncome": "None",
            "interestExpense": "33000000",
            "nonInterestIncome": "None",
            "otherNonOperatingIncome": "None",
            "depreciation": "1080000000",
            "depreciationAndAmortization": "61000000",
            "incomeBeforeTax": "3446000000",
            "incomeTaxExpense": "1004000000",
            "interestAndDebtExpense": "None",
            "netIncomeFromContinuingOperations": "3448000000",
            "comprehensiveIncomeNetOfTax": "2463000000",
            "ebit": "3448000000",
            "ebitda": "3509000000",
            "netIncome": "2442000000"
        },
        {
            "fiscalDateEnding": "2009-12-31",
            "reportedCurrency": "USD",
            "grossProfit": "6840000000",
            "totalRevenue": "10569000000",
            "costOfRevenue": "6450000000",
            "costofGoodsAndServicesSold": "3729000000",
            "operatingIncome": "2497000000",
            "sellingGeneralAndAdministrative": "2718000000",
            "researchAndDevelopment": "1603000000",
            "operatingExpenses": "4343000000",
            "investmentIncomeNet": "24000000",
            "netInterestIncome": "None",
            "interestIncome": "None",
            "interestExpense": "239000000",
            "nonInterestIncome": "None",
            "otherNonOperatingIncome": "None",
            "depreciation": "1172000000",
            "depreciationAndAmortization": "89000000",
            "incomeBeforeTax": "2593000000",
            "incomeTaxExpense": "311000000",
            "interestAndDebtExpense": "None",
            "netIncomeFromContinuingOperations": "2497000000",
            "comprehensiveIncomeNetOfTax": "2442000000",
            "ebit": "2497000000",
            "ebitda": "2586000000",
            "netIncome": "2282000000"
        },
        {
            "fiscalDateEnding": "2009-09-30",
            "reportedCurrency": "USD",
            "grossProfit": "5404000000",
            "totalRevenue": "9389000000",
            "costOfRevenue": "5368000000",
            "costofGoodsAndServicesSold": "3985000000",
            "operatingIncome": "2579000000",
            "sellingGeneralAndAdministrative": "1320000000",
            "researchAndDevelopment": "1430000000",
            "operatingExpenses": "2825000000",
            "investmentIncomeNet": "34000000",
            "netInterestIncome": "None",
            "interestIncome": "None",
            "interestExpense": "220000000",
            "nonInterestIncome": "None",
            "otherNonOperatingIncome": "None",
            "depreciation": "1153000000",
            "depreciationAndAmortization": "12000000",
            "incomeBeforeTax": "2532000000",
            "incomeTaxExpense": "676000000",
            "interestAndDebtExpense": "None",
            "netIncomeFromContinuingOperations": "2579000000",
            "comprehensiveIncomeNetOfTax": "2242000000",
            "ebit": "2579000000",
            "ebitda": "2764000000",
            "netIncome": "1856000000"
        },
        {
            "fiscalDateEnding": "2009-06-30",
            "reportedCurrency": "USD",
            "grossProfit": "4079000000",
            "totalRevenue": "8024000000",
            "costOfRevenue": "3945000000",
            "costofGoodsAndServicesSold": "3945000000",
            "operatingIncome": "-12000000",
            "sellingGeneralAndAdministrative": "2695000000",
            "researchAndDevelopment": "1303000000",
            "operatingExpenses": "4091000000",
            "investmentIncomeNet": "None",
            "netInterestIncome": "None",
            "interestIncome": "None",
            "interestExpense": "1000000",
            "nonInterestIncome": "None",
            "otherNonOperatingIncome": "None",
            "depreciation": "1211000000",
            "depreciationAndAmortization": "1286000000",
            "incomeBeforeTax": "-50000000",
            "incomeTaxExpense": "348000000",
            "interestAndDebtExpense": "None",
            "netIncomeFromContinuingOperations": "-12000000",
            "comprehensiveIncomeNetOfTax": "-161000000",
            "ebit": "-12000000",
            "ebitda": "239000000",
            "netIncome": "-398000000"
        },
        {
            "fiscalDateEnding": "2009-03-31",
            "reportedCurrency": "USD",
            "grossProfit": "3238000000",
            "totalRevenue": "7145000000",
            "costOfRevenue": "3884000000",
            "costofGoodsAndServicesSold": "3907000000",
            "operatingIncome": "647000000",
            "sellingGeneralAndAdministrative": "1198000000",
            "researchAndDevelopment": "1317000000",
            "operatingExpenses": "2591000000",
            "investmentIncomeNet": "None",
            "netInterestIncome": "None",
            "interestIncome": "None",
            "interestExpense": "991000000",
            "nonInterestIncome": "None",
            "otherNonOperatingIncome": "None",
            "depreciation": "1208000000",
            "depreciationAndAmortization": "1270000000",
            "incomeBeforeTax": "652000000",
            "incomeTaxExpense": "5000000",
            "interestAndDebtExpense": "None",
            "netIncomeFromContinuingOperations": "None",
            "comprehensiveIncomeNetOfTax": "None",
            "ebit": "647000000",
            "ebitda": "931000000",
            "netIncome": "629000000"
        },
        {
            "fiscalDateEnding": "2008-12-31",
            "reportedCurrency": "USD",
            "grossProfit": "4369000000",
            "totalRevenue": "8226000000",
            "costOfRevenue": "3857000000",
            "costofGoodsAndServicesSold": "3857000000",
            "operatingIncome": "1539000000",
            "sellingGeneralAndAdministrative": "1261000000",
            "researchAndDevelopment": "1316000000",
            "operatingExpenses": "2830000000",
            "investmentIncomeNet": "None",
            "netInterestIncome": "None",
            "interestIncome": "None",
            "interestExpense": "1567000000",
            "nonInterestIncome": "None",
            "otherNonOperatingIncome": "None",
            "depreciation": "1157000000",
            "depreciationAndAmortization": "1219000000",
            "incomeBeforeTax": "369000000",
            "incomeTaxExpense": "135000000",
            "interestAndDebtExpense": "None",
            "netIncomeFromContinuingOperations": "None",
            "comprehensiveIncomeNetOfTax": "None",
            "ebit": "1539000000",
            "ebitda": "3155000000",
            "netIncome": "234000000"
        },
        {
            "fiscalDateEnding": "2008-09-30",
            "reportedCurrency": "USD",
            "grossProfit": "6019000000",
            "totalRevenue": "10217000000",
            "costOfRevenue": "4198000000",
            "costofGoodsAndServicesSold": "4198000000",
            "operatingIncome": "3098000000",
            "sellingGeneralAndAdministrative": "1415000000",
            "researchAndDevelopment": "1471000000",
            "operatingExpenses": "2921000000",
            "investmentIncomeNet": "None",
            "netInterestIncome": "None",
            "interestIncome": "None",
            "interestExpense": "328000000",
            "nonInterestIncome": "None",
            "otherNonOperatingIncome": "None",
            "depreciation": "1059000000",
            "depreciationAndAmortization": "1127000000",
            "incomeBeforeTax": "2833000000",
            "incomeTaxExpense": "819000000",
            "interestAndDebtExpense": "None",
            "netIncomeFromContinuingOperations": "None",
            "comprehensiveIncomeNetOfTax": "None",
            "ebit": "3098000000",
            "ebitda": "4288000000",
            "netIncome": "2014000000"
        },
        {
            "fiscalDateEnding": "2008-06-30",
            "reportedCurrency": "USD",
            "grossProfit": "5249000000",
            "totalRevenue": "9470000000",
            "costOfRevenue": "4221000000",
            "costofGoodsAndServicesSold": "4221000000",
            "operatingIncome": "2255000000",
            "sellingGeneralAndAdministrative": "1430000000",
            "researchAndDevelopment": "1468000000",
            "operatingExpenses": "2994000000",
            "investmentIncomeNet": "None",
            "netInterestIncome": "None",
            "interestIncome": "None",
            "interestExpense": "96000000",
            "nonInterestIncome": "None",
            "otherNonOperatingIncome": "None",
            "depreciation": "None",
            "depreciationAndAmortization": "1105000000",
            "incomeBeforeTax": "2313000000",
            "incomeTaxExpense": "712000000",
            "interestAndDebtExpense": "None",
            "netIncomeFromContinuingOperations": "None",
            "comprehensiveIncomeNetOfTax": "None",
            "ebit": "2255000000",
            "ebitda": "3514000000",
            "netIncome": "1601000000"
        }
    ]
}