{
    "symbol": "LYFT",
    "annualReports": [
        {
            "fiscalDateEnding": "2023-12-31",
            "reportedCurrency": "USD",
            "grossProfit": "1859635000",
            "totalRevenue": "4403589000",
            "costOfRevenue": "2543954000",
            "costofGoodsAndServicesSold": "2943881000",
            "operatingIncome": "-475604000",
            "sellingGeneralAndAdministrative": "1352084000",
            "researchAndDevelopment": "555916000",
            "operatingExpenses": "1932969000",
            "investmentIncomeNet": "145611000",
            "netInterestIncome": "-26223000",
            "interestIncome": "132250000",
            "interestExpense": "26223000",
            "nonInterestIncome": "4130908000",
            "otherNonOperatingIncome": "3206000",
            "depreciation": "None",
            "depreciationAndAmortization": "36647000",
            "incomeBeforeTax": "-331704000",
            "incomeTaxExpense": "8616000",
            "interestAndDebtExpense": "26223000",
            "netIncomeFromContinuingOperations": "-340320000",
            "comprehensiveIncomeNetOfTax": "-339515000",
            "ebit": "-305481000",
            "ebitda": "-268834000",
            "netIncome": "-340320000"
        },
        {
            "fiscalDateEnding": "2022-12-31",
            "reportedCurrency": "USD",
            "grossProfit": "1659399000",
            "totalRevenue": "4095135000",
            "costOfRevenue": "2435736000",
            "costofGoodsAndServicesSold": "2435736000",
            "operatingIncome": "-1458916000",
            "sellingGeneralAndAdministrative": "1817692000",
            "researchAndDevelopment": "856777000",
            "operatingExpenses": "2769494000",
            "investmentIncomeNet": "44187000",
            "netInterestIncome": "-19735000",
            "interestIncome": "47142000",
            "interestExpense": "19735000",
            "nonInterestIncome": "3867974000",
            "otherNonOperatingIncome": "-18333000",
            "depreciation": "None",
            "depreciationAndAmortization": "33524000",
            "incomeBeforeTax": "-1578639000",
            "incomeTaxExpense": "5872000",
            "interestAndDebtExpense": "19735000",
            "netIncomeFromContinuingOperations": "-1584511000",
            "comprehensiveIncomeNetOfTax": "-1587754000",
            "ebit": "-1558904000",
            "ebitda": "-1525380000",
            "netIncome": "-1584511000"
        },
        {
            "fiscalDateEnding": "2021-12-31",
            "reportedCurrency": "USD",
            "grossProfit": "1506006000",
            "totalRevenue": "3208323000",
            "costOfRevenue": "1702317000",
            "costofGoodsAndServicesSold": "1649532000",
            "operatingIncome": "-1135217000",
            "sellingGeneralAndAdministrative": "1327044000",
            "researchAndDevelopment": "911946000",
            "operatingExpenses": "2172600000",
            "investmentIncomeNet": "4974000",
            "netInterestIncome": "-51635000",
            "interestIncome": "9074000",
            "interestExpense": "51635000",
            "nonInterestIncome": "3073200000",
            "otherNonOperatingIncome": "-524000",
            "depreciation": "None",
            "depreciationAndAmortization": "42856000",
            "incomeBeforeTax": "-1050919000",
            "incomeTaxExpense": "11225000",
            "interestAndDebtExpense": "51635000",
            "netIncomeFromContinuingOperations": "-323215000",
            "comprehensiveIncomeNetOfTax": "-1064182000",
            "ebit": "-999284000",
            "ebitda": "-956428000",
            "netIncome": "-1062144000"
        },
        {
            "fiscalDateEnding": "2020-12-31",
            "reportedCurrency": "USD",
            "grossProfit": "917165000",
            "totalRevenue": "2364681000",
            "costOfRevenue": "1447516000",
            "costofGoodsAndServicesSold": "8900000",
            "operatingIncome": "-1808382000",
            "sellingGeneralAndAdministrative": "1362458000",
            "researchAndDevelopment": "909126000",
            "operatingExpenses": "2362705000",
            "investmentIncomeNet": "37193000",
            "netInterestIncome": "-32678000",
            "interestIncome": "63616000",
            "interestExpense": "32678000",
            "nonInterestIncome": "2209606000",
            "otherNonOperatingIncome": "-935000",
            "depreciation": "7200000",
            "depreciationAndAmortization": "64205000",
            "incomeBeforeTax": "-1797391000",
            "incomeTaxExpense": "-44534000",
            "interestAndDebtExpense": "32678000",
            "netIncomeFromContinuingOperations": "-1752857000",
            "comprehensiveIncomeNetOfTax": "-1756055000",
            "ebit": "-1764713000",
            "ebitda": "-1700508000",
            "netIncome": "-1752857000"
        },
        {
            "fiscalDateEnding": "2019-12-31",
            "reportedCurrency": "USD",
            "grossProfit": "1439491000",
            "totalRevenue": "3615960000",
            "costOfRevenue": "2176469000",
            "costofGoodsAndServicesSold": "9700000",
            "operatingIncome": "-2702480000",
            "sellingGeneralAndAdministrative": "2000215000",
            "researchAndDevelopment": "1505640000",
            "operatingExpenses": "3577496000",
            "investmentIncomeNet": "-597000",
            "netInterestIncome": "102506000",
            "interestIncome": "102506000",
            "interestExpense": "0",
            "nonInterestIncome": "3615960000",
            "otherNonOperatingIncome": "366000",
            "depreciation": "35300000",
            "depreciationAndAmortization": "35100000",
            "incomeBeforeTax": "-2599885000",
            "incomeTaxExpense": "2356000",
            "interestAndDebtExpense": "0",
            "netIncomeFromContinuingOperations": "-2602241000",
            "comprehensiveIncomeNetOfTax": "-2599649000",
            "ebit": "-2599885000",
            "ebitda": "-2564785000",
            "netIncome": "-2602241000"
        }
    ],
    "quarterlyReports": [
        {
            "fiscalDateEnding": "2024-09-30",
            "reportedCurrency": "USD",
            "grossProfit": "634437000",
            "totalRevenue": "1522692000",
            "costOfRevenue": "888255000",
            "costofGoodsAndServicesSold": "888255000",
            "operatingIncome": "-56687000",
            "sellingGeneralAndAdministrative": "469215000",
            "researchAndDevelopment": "104447000",
            "operatingExpenses": "581749000",
            "investmentIncomeNet": "44247000",
            "netInterestIncome": "36885000",
            "interestIncome": "44247000",
            "interestExpense": "7362000",
            "nonInterestIncome": "1389245000",
            "otherNonOperatingIncome": "4363000",
            "depreciation": "None",
            "depreciationAndAmortization": "8087000",
            "incomeBeforeTax": "-13108000",
            "incomeTaxExpense": "-682000",
            "interestAndDebtExpense": "7362000",
            "netIncomeFromContinuingOperations": "-12426000",
            "comprehensiveIncomeNetOfTax": "-7982000",
            "ebit": "-56687000",
            "ebitda": "-48600000",
            "netIncome": "-12426000"
        },
        {
            "fiscalDateEnding": "2024-06-30",
            "reportedCurrency": "USD",
            "grossProfit": "616328000",
            "totalRevenue": "1435846000",
            "costOfRevenue": "819518000",
            "costofGoodsAndServicesSold": "935252000",
            "operatingIncome": "-27226000",
            "sellingGeneralAndAdministrative": "429013000",
            "researchAndDevelopment": "98807000",
            "operatingExpenses": "534717000",
            "investmentIncomeNet": "40079000",
            "netInterestIncome": "32227000",
            "interestIncome": "40079000",
            "interestExpense": "7852000",
            "nonInterestIncome": "1320836000",
            "otherNonOperatingIncome": "1819000",
            "depreciation": "None",
            "depreciationAndAmortization": "6897000",
            "incomeBeforeTax": "6865000",
            "incomeTaxExpense": "1851000",
            "interestAndDebtExpense": "7852000",
            "netIncomeFromContinuingOperations": "5014000",
            "comprehensiveIncomeNetOfTax": "3514000",
            "ebit": "-27226000",
            "ebitda": "-20329000",
            "netIncome": "5014000"
        },
        {
            "fiscalDateEnding": "2024-03-31",
            "reportedCurrency": "USD",
            "grossProfit": "521839000",
            "totalRevenue": "1277201000",
            "costOfRevenue": "755362000",
            "costofGoodsAndServicesSold": "858404000",
            "operatingIncome": "-62951000",
            "sellingGeneralAndAdministrative": "381725000",
            "researchAndDevelopment": "100023000",
            "operatingExpenses": "483718000",
            "investmentIncomeNet": "38552000",
            "netInterestIncome": "-7048000",
            "interestIncome": "38552000",
            "interestExpense": "7048000",
            "nonInterestIncome": "1211834000",
            "otherNonOperatingIncome": "3667000",
            "depreciation": "None",
            "depreciationAndAmortization": "6306000",
            "incomeBeforeTax": "-28942000",
            "incomeTaxExpense": "2593000",
            "interestAndDebtExpense": "7048000",
            "netIncomeFromContinuingOperations": "-31535000",
            "comprehensiveIncomeNetOfTax": "-32859000",
            "ebit": "-21894000",
            "ebitda": "-15588000",
            "netIncome": "-31535000"
        },
        {
            "fiscalDateEnding": "2023-12-31",
            "reportedCurrency": "USD",
            "grossProfit": "480722000",
            "totalRevenue": "1224585000",
            "costOfRevenue": "743863000",
            "costofGoodsAndServicesSold": "845764000",
            "operatingIncome": "-60151000",
            "sellingGeneralAndAdministrative": "343801000",
            "researchAndDevelopment": "95171000",
            "operatingExpenses": "459395000",
            "investmentIncomeNet": "40182000",
            "netInterestIncome": "-8430000",
            "interestIncome": "40299000",
            "interestExpense": "8430000",
            "nonInterestIncome": "1157750000",
            "otherNonOperatingIncome": "702000",
            "depreciation": "None",
            "depreciationAndAmortization": "22630000",
            "incomeBeforeTax": "-23147000",
            "incomeTaxExpense": "3162000",
            "interestAndDebtExpense": "8430000",
            "netIncomeFromContinuingOperations": "-26309000",
            "comprehensiveIncomeNetOfTax": "-21972000",
            "ebit": "-14717000",
            "ebitda": "7913000",
            "netIncome": "-26309000"
        },
        {
            "fiscalDateEnding": "2023-09-30",
            "reportedCurrency": "USD",
            "grossProfit": "513050000",
            "totalRevenue": "1157550000",
            "costOfRevenue": "644500000",
            "costofGoodsAndServicesSold": "644500000",
            "operatingIncome": "-40179000",
            "sellingGeneralAndAdministrative": "325237000",
            "researchAndDevelopment": "109229000",
            "operatingExpenses": "429861000",
            "investmentIncomeNet": "36869000",
            "netInterestIncome": "-6209000",
            "interestIncome": "36869000",
            "interestExpense": "6209000",
            "nonInterestIncome": "1067449000",
            "otherNonOperatingIncome": "-1163000",
            "depreciation": "None",
            "depreciationAndAmortization": "5395000",
            "incomeBeforeTax": "-11989000",
            "incomeTaxExpense": "100000",
            "interestAndDebtExpense": "6209000",
            "netIncomeFromContinuingOperations": "-12100000",
            "comprehensiveIncomeNetOfTax": "-17563000",
            "ebit": "-5780000",
            "ebitda": "-385000",
            "netIncome": "-12100000"
        },
        {
            "fiscalDateEnding": "2023-06-30",
            "reportedCurrency": "USD",
            "grossProfit": "414307000",
            "totalRevenue": "1020906000",
            "costOfRevenue": "606599000",
            "costofGoodsAndServicesSold": "606599000",
            "operatingIncome": "-158519000",
            "sellingGeneralAndAdministrative": "310565000",
            "researchAndDevelopment": "154612000",
            "operatingExpenses": "535767000",
            "investmentIncomeNet": "34469000",
            "netInterestIncome": "-6151000",
            "interestIncome": "34469000",
            "interestExpense": "6151000",
            "nonInterestIncome": "942797000",
            "otherNonOperatingIncome": "2577000",
            "depreciation": "None",
            "depreciationAndAmortization": "4790000",
            "incomeBeforeTax": "-111595000",
            "incomeTaxExpense": "2667000",
            "interestAndDebtExpense": "6151000",
            "netIncomeFromContinuingOperations": "-114262000",
            "comprehensiveIncomeNetOfTax": "-113794000",
            "ebit": "-105444000",
            "ebitda": "-100654000",
            "netIncome": "-114262000"
        },
        {
            "fiscalDateEnding": "2023-03-31",
            "reportedCurrency": "USD",
            "grossProfit": "451556000",
            "totalRevenue": "1000548000",
            "costOfRevenue": "548992000",
            "costofGoodsAndServicesSold": "548992000",
            "operatingIncome": "-216755000",
            "sellingGeneralAndAdministrative": "372481000",
            "researchAndDevelopment": "196904000",
            "operatingExpenses": "600542000",
            "investmentIncomeNet": "34091000",
            "netInterestIncome": "-5433000",
            "interestIncome": "34091000",
            "interestExpense": "5433000",
            "nonInterestIncome": "961016000",
            "otherNonOperatingIncome": "1090000",
            "depreciation": "None",
            "depreciationAndAmortization": "3832000",
            "incomeBeforeTax": "-184973000",
            "incomeTaxExpense": "2676000",
            "interestAndDebtExpense": "5433000",
            "netIncomeFromContinuingOperations": "-187649000",
            "comprehensiveIncomeNetOfTax": "-186186000",
            "ebit": "-179540000",
            "ebitda": "-175708000",
            "netIncome": "-187649000"
        },
        {
            "fiscalDateEnding": "2022-12-31",
            "reportedCurrency": "USD",
            "grossProfit": "400609000",
            "totalRevenue": "1174992000",
            "costOfRevenue": "774383000",
            "costofGoodsAndServicesSold": "774383000",
            "operatingIncome": "-596022000",
            "sellingGeneralAndAdministrative": "641345000",
            "researchAndDevelopment": "234577000",
            "operatingExpenses": "55300000",
            "investmentIncomeNet": "23866000",
            "netInterestIncome": "-5204000",
            "interestIncome": "26821000",
            "interestExpense": "5204000",
            "nonInterestIncome": "1137246000",
            "otherNonOperatingIncome": "-14685000",
            "depreciation": "None",
            "depreciationAndAmortization": "21935000",
            "incomeBeforeTax": "-585775000",
            "incomeTaxExpense": "2357000",
            "interestAndDebtExpense": "5204000",
            "netIncomeFromContinuingOperations": "-110600000",
            "comprehensiveIncomeNetOfTax": "-584382000",
            "ebit": "-580571000",
            "ebitda": "-558636000",
            "netIncome": "-588132000"
        },
        {
            "fiscalDateEnding": "2022-09-30",
            "reportedCurrency": "USD",
            "grossProfit": "483117000",
            "totalRevenue": "1053820000",
            "costOfRevenue": "570703000",
            "costofGoodsAndServicesSold": "570703000",
            "operatingIncome": "-290376000",
            "sellingGeneralAndAdministrative": "426592000",
            "researchAndDevelopment": "227678000",
            "operatingExpenses": "658098000",
            "investmentIncomeNet": "12945000",
            "netInterestIncome": "-5022000",
            "interestIncome": "12945000",
            "interestExpense": "5022000",
            "nonInterestIncome": "958899000",
            "otherNonOperatingIncome": "1208000",
            "depreciation": "None",
            "depreciationAndAmortization": "3828000",
            "incomeBeforeTax": "-421553000",
            "incomeTaxExpense": "648000",
            "interestAndDebtExpense": "5022000",
            "netIncomeFromContinuingOperations": "-422153000",
            "comprehensiveIncomeNetOfTax": "-420717000",
            "ebit": "-416531000",
            "ebitda": "-412703000",
            "netIncome": "-422201000"
        },
        {
            "fiscalDateEnding": "2022-06-30",
            "reportedCurrency": "USD",
            "grossProfit": "340392000",
            "totalRevenue": "990748000",
            "costOfRevenue": "650356000",
            "costofGoodsAndServicesSold": "650356000",
            "operatingIncome": "-373175000",
            "sellingGeneralAndAdministrative": "406485000",
            "researchAndDevelopment": "201768000",
            "operatingExpenses": "611819000",
            "investmentIncomeNet": "4722000",
            "netInterestIncome": "-4960000",
            "interestIncome": "4722000",
            "interestExpense": "4960000",
            "nonInterestIncome": "915121000",
            "otherNonOperatingIncome": "-8173000",
            "depreciation": "None",
            "depreciationAndAmortization": "3566000",
            "incomeBeforeTax": "-377182000",
            "incomeTaxExpense": "64000",
            "interestAndDebtExpense": "4960000",
            "netIncomeFromContinuingOperations": "-377246000",
            "comprehensiveIncomeNetOfTax": "-378022000",
            "ebit": "-372222000",
            "ebitda": "-368656000",
            "netIncome": "-377246000"
        },
        {
            "fiscalDateEnding": "2022-03-31",
            "reportedCurrency": "USD",
            "grossProfit": "435281000",
            "totalRevenue": "875575000",
            "costOfRevenue": "440294000",
            "costofGoodsAndServicesSold": "440294000",
            "operatingIncome": "-199343000",
            "sellingGeneralAndAdministrative": "343270000",
            "researchAndDevelopment": "192754000",
            "operatingExpenses": "526496000",
            "investmentIncomeNet": "2654000",
            "netInterestIncome": "-4549000",
            "interestIncome": "2654000",
            "interestExpense": "4549000",
            "nonInterestIncome": "831900000",
            "otherNonOperatingIncome": "3317000",
            "depreciation": "None",
            "depreciationAndAmortization": "4195000",
            "incomeBeforeTax": "-194129000",
            "incomeTaxExpense": "2803000",
            "interestAndDebtExpense": "4549000",
            "netIncomeFromContinuingOperations": "-196932000",
            "comprehensiveIncomeNetOfTax": "-204633000",
            "ebit": "-189580000",
            "ebitda": "-185385000",
            "netIncome": "-196932000"
        },
        {
            "fiscalDateEnding": "2021-12-31",
            "reportedCurrency": "USD",
            "grossProfit": "418752000",
            "totalRevenue": "969933000",
            "costOfRevenue": "551181000",
            "costofGoodsAndServicesSold": "526571000",
            "operatingIncome": "-273621000",
            "sellingGeneralAndAdministrative": "387519000",
            "researchAndDevelopment": "194996000",
            "operatingExpenses": "582515000",
            "investmentIncomeNet": "-2034000",
            "netInterestIncome": "-13125000",
            "interestIncome": "None",
            "interestExpense": "13125000",
            "nonInterestIncome": "897905000",
            "otherNonOperatingIncome": "224000",
            "depreciation": "None",
            "depreciationAndAmortization": "23508000",
            "incomeBeforeTax": "-281201000",
            "incomeTaxExpense": "1972000",
            "interestAndDebtExpense": "13125000",
            "netIncomeFromContinuingOperations": "-283173000",
            "comprehensiveIncomeNetOfTax": "-282579000",
            "ebit": "-268076000",
            "ebitda": "-244568000",
            "netIncome": "-283173000"
        },
        {
            "fiscalDateEnding": "2021-09-30",
            "reportedCurrency": "USD",
            "grossProfit": "472198000",
            "totalRevenue": "864405000",
            "costOfRevenue": "392207000",
            "costofGoodsAndServicesSold": "364032000",
            "operatingIncome": "-205036000",
            "sellingGeneralAndAdministrative": "340862000",
            "researchAndDevelopment": "226693000",
            "operatingExpenses": "454164000",
            "investmentIncomeNet": "1923000",
            "netInterestIncome": "-13093000",
            "interestIncome": "1923000",
            "interestExpense": "13093000",
            "nonInterestIncome": "904071000",
            "otherNonOperatingIncome": "169000",
            "depreciation": "None",
            "depreciationAndAmortization": "5893000",
            "incomeBeforeTax": "-93087000",
            "incomeTaxExpense": "6627000",
            "interestAndDebtExpense": "13093000",
            "netIncomeFromContinuingOperations": "-71539000",
            "comprehensiveIncomeNetOfTax": "-101210000",
            "ebit": "-79994000",
            "ebitda": "-74101000",
            "netIncome": "-99714000"
        },
        {
            "fiscalDateEnding": "2021-06-30",
            "reportedCurrency": "USD",
            "grossProfit": "418135000",
            "totalRevenue": "765025000",
            "costOfRevenue": "346890000",
            "costofGoodsAndServicesSold": "346890000",
            "operatingIncome": "-240118000",
            "sellingGeneralAndAdministrative": "312449000",
            "researchAndDevelopment": "252039000",
            "operatingExpenses": "570137000",
            "investmentIncomeNet": "2206000",
            "netInterestIncome": "-12849000",
            "interestIncome": "2206000",
            "interestExpense": "12849000",
            "nonInterestIncome": "697963000",
            "otherNonOperatingIncome": "-1530000",
            "depreciation": "None",
            "depreciationAndAmortization": "5649000",
            "incomeBeforeTax": "-251226000",
            "incomeTaxExpense": "692000",
            "interestAndDebtExpense": "12849000",
            "netIncomeFromContinuingOperations": "-251918000",
            "comprehensiveIncomeNetOfTax": "-253272000",
            "ebit": "-238377000",
            "ebitda": "-232728000",
            "netIncome": "-251918000"
        },
        {
            "fiscalDateEnding": "2021-03-31",
            "reportedCurrency": "USD",
            "grossProfit": "196921000",
            "totalRevenue": "608960000",
            "costOfRevenue": "412039000",
            "costofGoodsAndServicesSold": "412039000",
            "operatingIncome": "-416442000",
            "sellingGeneralAndAdministrative": "286214000",
            "researchAndDevelopment": "238218000",
            "operatingExpenses": "532527000",
            "investmentIncomeNet": "2879000",
            "netInterestIncome": "-12568000",
            "interestIncome": "2879000",
            "interestExpense": "12568000",
            "nonInterestIncome": "568903000",
            "otherNonOperatingIncome": "613000",
            "depreciation": "None",
            "depreciationAndAmortization": "7806000",
            "incomeBeforeTax": "-425405000",
            "incomeTaxExpense": "1934000",
            "interestAndDebtExpense": "12568000",
            "netIncomeFromContinuingOperations": "-427339000",
            "comprehensiveIncomeNetOfTax": "-427121000",
            "ebit": "-412837000",
            "ebitda": "-405031000",
            "netIncome": "-427339000"
        },
        {
            "fiscalDateEnding": "2020-12-31",
            "reportedCurrency": "USD",
            "grossProfit": "177752000",
            "totalRevenue": "569880000",
            "costOfRevenue": "392128000",
            "costofGoodsAndServicesSold": "392128000",
            "operatingIncome": "-453427000",
            "sellingGeneralAndAdministrative": "317564000",
            "researchAndDevelopment": "215180000",
            "operatingExpenses": "555844000",
            "investmentIncomeNet": "-2201000",
            "netInterestIncome": "-12105000",
            "interestIncome": "None",
            "interestExpense": "12105000",
            "nonInterestIncome": "528673000",
            "otherNonOperatingIncome": "-613000",
            "depreciation": "None",
            "depreciationAndAmortization": "36458000",
            "incomeBeforeTax": "-460629000",
            "incomeTaxExpense": "-2474000",
            "interestAndDebtExpense": "12105000",
            "netIncomeFromContinuingOperations": "-458155000",
            "comprehensiveIncomeNetOfTax": "-465968000",
            "ebit": "-448524000",
            "ebitda": "-412066000",
            "netIncome": "-458155000"
        },
        {
            "fiscalDateEnding": "2020-09-30",
            "reportedCurrency": "USD",
            "grossProfit": "238130000",
            "totalRevenue": "499744000",
            "costOfRevenue": "261614000",
            "costofGoodsAndServicesSold": "261614000",
            "operatingIncome": "-453353000",
            "sellingGeneralAndAdministrative": "336241000",
            "researchAndDevelopment": "232106000",
            "operatingExpenses": "579733000",
            "investmentIncomeNet": "7631000",
            "netInterestIncome": "-12529000",
            "interestIncome": "7631000",
            "interestExpense": "12529000",
            "nonInterestIncome": "451313000",
            "otherNonOperatingIncome": "-911000",
            "depreciation": "None",
            "depreciationAndAmortization": "11386000",
            "incomeBeforeTax": "-458408000",
            "incomeTaxExpense": "1109000",
            "interestAndDebtExpense": "12529000",
            "netIncomeFromContinuingOperations": "-459517000",
            "comprehensiveIncomeNetOfTax": "-457281000",
            "ebit": "-445879000",
            "ebitda": "-434493000",
            "netIncome": "-459517000"
        },
        {
            "fiscalDateEnding": "2020-06-30",
            "reportedCurrency": "USD",
            "grossProfit": "87990000",
            "totalRevenue": "339345000",
            "costOfRevenue": "251355000",
            "costofGoodsAndServicesSold": "251355000",
            "operatingIncome": "-487497000",
            "sellingGeneralAndAdministrative": "273776000",
            "researchAndDevelopment": "203101000",
            "operatingExpenses": "487071000",
            "investmentIncomeNet": "10768000",
            "netInterestIncome": "-6537000",
            "interestIncome": "10768000",
            "interestExpense": "6537000",
            "nonInterestIncome": "312764000",
            "otherNonOperatingIncome": "939000",
            "depreciation": "None",
            "depreciationAndAmortization": "10194000",
            "incomeBeforeTax": "-481911000",
            "incomeTaxExpense": "-44799000",
            "interestAndDebtExpense": "6537000",
            "netIncomeFromContinuingOperations": "-437112000",
            "comprehensiveIncomeNetOfTax": "-430667000",
            "ebit": "-475374000",
            "ebitda": "-465180000",
            "netIncome": "-437112000"
        },
        {
            "fiscalDateEnding": "2020-03-31",
            "reportedCurrency": "USD",
            "grossProfit": "413293000",
            "totalRevenue": "955712000",
            "costOfRevenue": "542419000",
            "costofGoodsAndServicesSold": "542419000",
            "operatingIncome": "-414105000",
            "sellingGeneralAndAdministrative": "434877000",
            "researchAndDevelopment": "258739000",
            "operatingExpenses": "703011000",
            "investmentIncomeNet": "21327000",
            "netInterestIncome": "21327000",
            "interestIncome": "22834000",
            "interestExpense": "1507000",
            "nonInterestIncome": "918331000",
            "otherNonOperatingIncome": "-682000",
            "depreciation": "None",
            "depreciationAndAmortization": "6167000",
            "incomeBeforeTax": "-396443000",
            "incomeTaxExpense": "1630000",
            "interestAndDebtExpense": "440000",
            "netIncomeFromContinuingOperations": "-398073000",
            "comprehensiveIncomeNetOfTax": "-402139000",
            "ebit": "-394936000",
            "ebitda": "-388769000",
            "netIncome": "-398073000"
        },
        {
            "fiscalDateEnding": "2019-12-31",
            "reportedCurrency": "USD",
            "grossProfit": "514308000",
            "totalRevenue": "1017070000",
            "costOfRevenue": "502762000",
            "costofGoodsAndServicesSold": "502762000",
            "operatingIncome": "-381814000",
            "sellingGeneralAndAdministrative": "472435000",
            "researchAndDevelopment": "276575000",
            "operatingExpenses": "796319000",
            "investmentIncomeNet": "-255000",
            "netInterestIncome": "24222000",
            "interestIncome": "24222000",
            "interestExpense": "0",
            "nonInterestIncome": "1017070000",
            "otherNonOperatingIncome": "96000",
            "depreciation": "None",
            "depreciationAndAmortization": "24077000",
            "incomeBeforeTax": "-357979000",
            "incomeTaxExpense": "-1927000",
            "interestAndDebtExpense": "0",
            "netIncomeFromContinuingOperations": "-356035000",
            "comprehensiveIncomeNetOfTax": "-357956000",
            "ebit": "-357979000",
            "ebitda": "-357737000",
            "netIncome": "-356052000"
        },
        {
            "fiscalDateEnding": "2019-09-30",
            "reportedCurrency": "USD",
            "grossProfit": "374884000",
            "totalRevenue": "955598000",
            "costOfRevenue": "580714000",
            "costofGoodsAndServicesSold": "580714000",
            "operatingIncome": "-490860000",
            "sellingGeneralAndAdministrative": "427678000",
            "researchAndDevelopment": "288272000",
            "operatingExpenses": "715950000",
            "investmentIncomeNet": "28651000",
            "netInterestIncome": "28651000",
            "interestIncome": "28651000",
            "interestExpense": "0",
            "nonInterestIncome": "955598000",
            "otherNonOperatingIncome": "123000",
            "depreciation": "None",
            "depreciationAndAmortization": "30137000",
            "incomeBeforeTax": "-461568000",
            "incomeTaxExpense": "1909000",
            "interestAndDebtExpense": "0",
            "netIncomeFromContinuingOperations": "-463468000",
            "comprehensiveIncomeNetOfTax": "-464341000",
            "ebit": "-461568000",
            "ebitda": "-460723000",
            "netIncome": "-463477000"
        },
        {
            "fiscalDateEnding": "2019-06-30",
            "reportedCurrency": "USD",
            "grossProfit": "237129000",
            "totalRevenue": "867265000",
            "costOfRevenue": "630136000",
            "costofGoodsAndServicesSold": "630136000",
            "operatingIncome": "-672916000",
            "sellingGeneralAndAdministrative": "448237000",
            "researchAndDevelopment": "309833000",
            "operatingExpenses": "758070000",
            "investmentIncomeNet": "29979000",
            "netInterestIncome": "29979000",
            "interestIncome": "29979000",
            "interestExpense": "0",
            "nonInterestIncome": "867265000",
            "otherNonOperatingIncome": "-486000",
            "depreciation": "None",
            "depreciationAndAmortization": "31080000",
            "incomeBeforeTax": "-643248000",
            "incomeTaxExpense": "991000",
            "interestAndDebtExpense": "0",
            "netIncomeFromContinuingOperations": "-644239000",
            "comprehensiveIncomeNetOfTax": "-640932000",
            "ebit": "-643248000",
            "ebitda": "-641836000",
            "netIncome": "-644239000"
        },
        {
            "fiscalDateEnding": "2019-03-31",
            "reportedCurrency": "USD",
            "grossProfit": "313170000",
            "totalRevenue": "776027000",
            "costOfRevenue": "462857000",
            "costofGoodsAndServicesSold": "462857000",
            "operatingIncome": "-1156890000",
            "sellingGeneralAndAdministrative": "651865000",
            "researchAndDevelopment": "630960000",
            "operatingExpenses": "1282825000",
            "investmentIncomeNet": "-24000",
            "netInterestIncome": "19654000",
            "interestIncome": "19654000",
            "interestExpense": "None",
            "nonInterestIncome": "776027000",
            "otherNonOperatingIncome": "146000",
            "depreciation": "None",
            "depreciationAndAmortization": "23135000",
            "incomeBeforeTax": "-1137090000",
            "incomeTaxExpense": "1383000",
            "interestAndDebtExpense": "None",
            "netIncomeFromContinuingOperations": "-1138473000",
            "comprehensiveIncomeNetOfTax": "-1136420000",
            "ebit": "-1156890000",
            "ebitda": "-1133755000",
            "netIncome": "-1138473000"
        },
        {
            "fiscalDateEnding": "2018-12-31",
            "reportedCurrency": "USD",
            "grossProfit": "302574000",
            "totalRevenue": "669565000",
            "costOfRevenue": "366991000",
            "costofGoodsAndServicesSold": "366991000",
            "operatingIncome": "-270023000",
            "sellingGeneralAndAdministrative": "138964000",
            "researchAndDevelopment": "96061000",
            "operatingExpenses": "572597000",
            "investmentIncomeNet": "None",
            "netInterestIncome": "20095000",
            "interestIncome": "None",
            "interestExpense": "None",
            "nonInterestIncome": "None",
            "otherNonOperatingIncome": "577000",
            "depreciation": "None",
            "depreciationAndAmortization": "13333000",
            "incomeBeforeTax": "-249294000",
            "incomeTaxExpense": "-362000",
            "interestAndDebtExpense": "None",
            "netIncomeFromContinuingOperations": "None",
            "comprehensiveIncomeNetOfTax": "-248491000",
            "ebit": "-270023000",
            "ebitda": "-256690000",
            "netIncome": "-248932000"
        },
        {
            "fiscalDateEnding": "2018-09-30",
            "reportedCurrency": "USD",
            "grossProfit": "262337000",
            "totalRevenue": "584951000",
            "costOfRevenue": "322614000",
            "costofGoodsAndServicesSold": "322614000",
            "operatingIncome": "-268675000",
            "sellingGeneralAndAdministrative": "120348000",
            "researchAndDevelopment": "77168000",
            "operatingExpenses": "531012000",
            "investmentIncomeNet": "None",
            "netInterestIncome": "19615000",
            "interestIncome": "None",
            "interestExpense": "None",
            "nonInterestIncome": "None",
            "otherNonOperatingIncome": "409000",
            "depreciation": "None",
            "depreciationAndAmortization": "2583000",
            "incomeBeforeTax": "-248661000",
            "incomeTaxExpense": "500000",
            "interestAndDebtExpense": "None",
            "netIncomeFromContinuingOperations": "-249161000",
            "comprehensiveIncomeNetOfTax": "-249257000",
            "ebit": "-268675000",
            "ebitda": "-266092000",
            "netIncome": "-249161000"
        },
        {
            "fiscalDateEnding": "2018-06-30",
            "reportedCurrency": "USD",
            "grossProfit": "211726000",
            "totalRevenue": "504912000",
            "costOfRevenue": "293186000",
            "costofGoodsAndServicesSold": "293186000",
            "operatingIncome": "-193634000",
            "sellingGeneralAndAdministrative": "98472000",
            "researchAndDevelopment": "64415000",
            "operatingExpenses": "405360000",
            "investmentIncomeNet": "None",
            "netInterestIncome": "15251000",
            "interestIncome": "None",
            "interestExpense": "None",
            "nonInterestIncome": "None",
            "otherNonOperatingIncome": "-289000",
            "depreciation": "None",
            "depreciationAndAmortization": "1698000",
            "incomeBeforeTax": "-178672000",
            "incomeTaxExpense": "231000",
            "interestAndDebtExpense": "None",
            "netIncomeFromContinuingOperations": "-178903000",
            "comprehensiveIncomeNetOfTax": "-177091000",
            "ebit": "-193634000",
            "ebitda": "-191936000",
            "netIncome": "-178903000"
        },
        {
            "fiscalDateEnding": "2018-03-31",
            "reportedCurrency": "USD",
            "grossProfit": "136579000",
            "totalRevenue": "397188000",
            "costOfRevenue": "260609000",
            "costofGoodsAndServicesSold": "260609000",
            "operatingIncome": "-245379000",
            "sellingGeneralAndAdministrative": "90154000",
            "researchAndDevelopment": "63192000",
            "operatingExpenses": "381958000",
            "investmentIncomeNet": "None",
            "netInterestIncome": "11501000",
            "interestIncome": "None",
            "interestExpense": "None",
            "nonInterestIncome": "None",
            "otherNonOperatingIncome": "-55000",
            "depreciation": "None",
            "depreciationAndAmortization": "1138000",
            "incomeBeforeTax": "-233933000",
            "incomeTaxExpense": "406000",
            "interestAndDebtExpense": "None",
            "netIncomeFromContinuingOperations": "-234339000",
            "comprehensiveIncomeNetOfTax": "-235352000",
            "ebit": "-245379000",
            "ebitda": "-244241000",
            "netIncome": "-234339000"
        }
    ]
}