{
    "symbol": "ORCL",
    "annualReports": [
        {
            "fiscalDateEnding": "2024-05-31",
            "reportedCurrency": "USD",
            "grossProfit": "39411000000",
            "totalRevenue": "52961000000",
            "costOfRevenue": "13550000000",
            "costofGoodsAndServicesSold": "15143000000",
            "operatingIncome": "15353000000",
            "sellingGeneralAndAdministrative": "9822000000",
            "researchAndDevelopment": "8915000000",
            "operatingExpenses": "22465000000",
            "investmentIncomeNet": "451000000",
            "netInterestIncome": "-3514000000",
            "interestIncome": "451000000",
            "interestExpense": "3514000000",
            "nonInterestIncome": "52733000000",
            "otherNonOperatingIncome": "168000000",
            "depreciation": "3129000000",
            "depreciationAndAmortization": "3010000000",
            "incomeBeforeTax": "11741000000",
            "incomeTaxExpense": "1274000000",
            "interestAndDebtExpense": "3514000000",
            "netIncomeFromContinuingOperations": "14395000000",
            "comprehensiveIncomeNetOfTax": "10557000000",
            "ebit": "15255000000",
            "ebitda": "18265000000",
            "netIncome": "10467000000"
        },
        {
            "fiscalDateEnding": "2023-05-31",
            "reportedCurrency": "USD",
            "grossProfit": "35280000000",
            "totalRevenue": "49954000000",
            "costOfRevenue": "14674000000",
            "costofGoodsAndServicesSold": "13564000000",
            "operatingIncome": "13093000000",
            "sellingGeneralAndAdministrative": "10412000000",
            "researchAndDevelopment": "8623000000",
            "operatingExpenses": "23297000000",
            "investmentIncomeNet": "285000000",
            "netInterestIncome": "-3505000000",
            "interestIncome": "285000000",
            "interestExpense": "3505000000",
            "nonInterestIncome": "49705000000",
            "otherNonOperatingIncome": "-6000000",
            "depreciation": "2526000000",
            "depreciationAndAmortization": "3582000000",
            "incomeBeforeTax": "9126000000",
            "incomeTaxExpense": "623000000",
            "interestAndDebtExpense": "3505000000",
            "netIncomeFromContinuingOperations": "12422000000",
            "comprehensiveIncomeNetOfTax": "8673000000",
            "ebit": "12631000000",
            "ebitda": "16213000000",
            "netIncome": "8503000000"
        },
        {
            "fiscalDateEnding": "2022-05-31",
            "reportedCurrency": "USD",
            "grossProfit": "24080000000",
            "totalRevenue": "42440000000",
            "costOfRevenue": "15418000000",
            "costofGoodsAndServicesSold": "8877000000",
            "operatingIncome": "10926000000",
            "sellingGeneralAndAdministrative": "9364000000",
            "researchAndDevelopment": "7219000000",
            "operatingExpenses": "22637000000",
            "investmentIncomeNet": "94000000",
            "netInterestIncome": "-2755000000",
            "interestIncome": "94000000",
            "interestExpense": "2755000000",
            "nonInterestIncome": "42241000000",
            "otherNonOperatingIncome": "-86000000",
            "depreciation": "1972000000",
            "depreciationAndAmortization": "1150000000",
            "incomeBeforeTax": "7649000000",
            "incomeTaxExpense": "932000000",
            "interestAndDebtExpense": "2755000000",
            "netIncomeFromContinuingOperations": "9855000000",
            "comprehensiveIncomeNetOfTax": "6200000000",
            "ebit": "10404000000",
            "ebitda": "11554000000",
            "netIncome": "6717000000"
        },
        {
            "fiscalDateEnding": "2021-05-31",
            "reportedCurrency": "USD",
            "grossProfit": "27000000000",
            "totalRevenue": "40479000000",
            "costOfRevenue": "10884000000",
            "costofGoodsAndServicesSold": "7855000000",
            "operatingIncome": "15213000000",
            "sellingGeneralAndAdministrative": "8936000000",
            "researchAndDevelopment": "6527000000",
            "operatingExpenses": "17603000000",
            "investmentIncomeNet": "101000000",
            "netInterestIncome": "-2496000000",
            "interestIncome": "101000000",
            "interestExpense": "2496000000",
            "nonInterestIncome": "40367000000",
            "otherNonOperatingIncome": "211000000",
            "depreciation": "1537000000",
            "depreciationAndAmortization": "1379000000",
            "incomeBeforeTax": "12999000000",
            "incomeTaxExpense": "-747000000",
            "interestAndDebtExpense": "2496000000",
            "netIncomeFromContinuingOperations": "16534000000",
            "comprehensiveIncomeNetOfTax": "14287000000",
            "ebit": "15495000000",
            "ebitda": "16874000000",
            "netIncome": "13746000000"
        },
        {
            "fiscalDateEnding": "2020-05-31",
            "reportedCurrency": "USD",
            "grossProfit": "25737000000",
            "totalRevenue": "36904000000",
            "costOfRevenue": "11167000000",
            "costofGoodsAndServicesSold": "7938000000",
            "operatingIncome": "13896000000",
            "sellingGeneralAndAdministrative": "9275000000",
            "researchAndDevelopment": "6067000000",
            "operatingExpenses": "17479000000",
            "investmentIncomeNet": "527000000",
            "netInterestIncome": "-1995000000",
            "interestIncome": "527000000",
            "interestExpense": "1995000000",
            "nonInterestIncome": "38883000000",
            "otherNonOperatingIncome": "-16000000",
            "depreciation": "1382000000",
            "depreciationAndAmortization": "1586000000",
            "incomeBeforeTax": "12063000000",
            "incomeTaxExpense": "1928000000",
            "interestAndDebtExpense": "1995000000",
            "netIncomeFromContinuingOperations": "12479000000",
            "comprehensiveIncomeNetOfTax": "10047000000",
            "ebit": "14058000000",
            "ebitda": "15644000000",
            "netIncome": "10135000000"
        },
        {
            "fiscalDateEnding": "2019-05-31",
            "reportedCurrency": "USD",
            "grossProfit": "27556000000",
            "totalRevenue": "39506000000",
            "costOfRevenue": "11950000000",
            "costofGoodsAndServicesSold": "7995000000",
            "operatingIncome": "13535000000",
            "sellingGeneralAndAdministrative": "9774000000",
            "researchAndDevelopment": "6026000000",
            "operatingExpenses": "18166000000",
            "investmentIncomeNet": "1092000000",
            "netInterestIncome": "-2082000000",
            "interestIncome": "1092000000",
            "interestExpense": "2082000000",
            "nonInterestIncome": "39395000000",
            "otherNonOperatingIncome": "-14000000",
            "depreciation": "1230000000",
            "depreciationAndAmortization": "1689000000",
            "incomeBeforeTax": "12268000000",
            "incomeTaxExpense": "1185000000",
            "interestAndDebtExpense": "2082000000",
            "netIncomeFromContinuingOperations": "13428000000",
            "comprehensiveIncomeNetOfTax": "11144000000",
            "ebit": "14350000000",
            "ebitda": "16039000000",
            "netIncome": "11083000000"
        },
        {
            "fiscalDateEnding": "2018-05-31",
            "reportedCurrency": "USD",
            "grossProfit": "24287000000",
            "totalRevenue": "39383000000",
            "costOfRevenue": "15096000000",
            "costofGoodsAndServicesSold": "2888000000",
            "operatingIncome": "13264000000",
            "sellingGeneralAndAdministrative": "9720000000",
            "researchAndDevelopment": "6084000000",
            "operatingExpenses": "18217000000",
            "investmentIncomeNet": "1201000000",
            "netInterestIncome": "-2025000000",
            "interestIncome": "1201000000",
            "interestExpense": "2025000000",
            "nonInterestIncome": "-74000000",
            "otherNonOperatingIncome": "191000000",
            "depreciation": "1165000000",
            "depreciationAndAmortization": "1620000000",
            "incomeBeforeTax": "12424000000",
            "incomeTaxExpense": "8837000000",
            "interestAndDebtExpense": "2025000000",
            "netIncomeFromContinuingOperations": "3690000000",
            "comprehensiveIncomeNetOfTax": "2758000000",
            "ebit": "14449000000",
            "ebitda": "16069000000",
            "netIncome": "3587000000"
        },
        {
            "fiscalDateEnding": "2017-05-31",
            "reportedCurrency": "USD",
            "grossProfit": "23017000000",
            "totalRevenue": "37792000000",
            "costOfRevenue": "14775000000",
            "costofGoodsAndServicesSold": "2801000000",
            "operatingIncome": "12913000000",
            "sellingGeneralAndAdministrative": "9373000000",
            "researchAndDevelopment": "6153000000",
            "operatingExpenses": "17678000000",
            "investmentIncomeNet": "802000000",
            "netInterestIncome": "-1798000000",
            "interestIncome": "802000000",
            "interestExpense": "1798000000",
            "nonInterestIncome": "-152000000",
            "otherNonOperatingIncome": "31000000",
            "depreciation": "1000000000",
            "depreciationAndAmortization": "1451000000",
            "incomeBeforeTax": "11680000000",
            "incomeTaxExpense": "2228000000",
            "interestAndDebtExpense": "1798000000",
            "netIncomeFromContinuingOperations": "9217000000",
            "comprehensiveIncomeNetOfTax": "9451000000",
            "ebit": "13478000000",
            "ebitda": "14929000000",
            "netIncome": "9452000000"
        },
        {
            "fiscalDateEnding": "2016-05-31",
            "reportedCurrency": "USD",
            "grossProfit": "22410000000",
            "totalRevenue": "37047000000",
            "costOfRevenue": "14637000000",
            "costofGoodsAndServicesSold": "2751000000",
            "operatingIncome": "12604000000",
            "sellingGeneralAndAdministrative": "9039000000",
            "researchAndDevelopment": "5787000000",
            "operatingExpenses": "17094000000",
            "investmentIncomeNet": "538000000",
            "netInterestIncome": "-1467000000",
            "interestIncome": "1155000000",
            "interestExpense": "1467000000",
            "nonInterestIncome": "-13000000",
            "otherNonOperatingIncome": "-7000000",
            "depreciation": "871000000",
            "depreciationAndAmortization": "1638000000",
            "incomeBeforeTax": "11442000000",
            "incomeTaxExpense": "2541000000",
            "interestAndDebtExpense": "1467000000",
            "netIncomeFromContinuingOperations": "8785000000",
            "comprehensiveIncomeNetOfTax": "9017000000",
            "ebit": "12909000000",
            "ebitda": "14547000000",
            "netIncome": "8901000000"
        },
        {
            "fiscalDateEnding": "2015-05-31",
            "reportedCurrency": "USD",
            "grossProfit": "23709000000",
            "totalRevenue": "38226000000",
            "costOfRevenue": "14517000000",
            "costofGoodsAndServicesSold": "2929000000",
            "operatingIncome": "13871000000",
            "sellingGeneralAndAdministrative": "8732000000",
            "researchAndDevelopment": "5524000000",
            "operatingExpenses": "17065000000",
            "investmentIncomeNet": "349000000",
            "netInterestIncome": "-1143000000",
            "interestIncome": "None",
            "interestExpense": "1143000000",
            "nonInterestIncome": "-97000000",
            "otherNonOperatingIncome": "27000000",
            "depreciation": "712000000",
            "depreciationAndAmortization": "2149000000",
            "incomeBeforeTax": "12834000000",
            "incomeTaxExpense": "2896000000",
            "interestAndDebtExpense": "1143000000",
            "netIncomeFromContinuingOperations": "9825000000",
            "comprehensiveIncomeNetOfTax": "10051000000",
            "ebit": "13977000000",
            "ebitda": "16126000000",
            "netIncome": "9938000000"
        },
        {
            "fiscalDateEnding": "2014-05-31",
            "reportedCurrency": "USD",
            "grossProfit": "24192000000",
            "totalRevenue": "38275000000",
            "costOfRevenue": "14083000000",
            "costofGoodsAndServicesSold": "2954000000",
            "operatingIncome": "14759000000",
            "sellingGeneralAndAdministrative": "8605000000",
            "researchAndDevelopment": "5151000000",
            "operatingExpenses": "17385000000",
            "investmentIncomeNet": "263000000",
            "netInterestIncome": "-914000000",
            "interestIncome": "None",
            "interestExpense": "914000000",
            "nonInterestIncome": "-444000000",
            "otherNonOperatingIncome": "69000000",
            "depreciation": "608000000",
            "depreciationAndAmortization": "2300000000",
            "incomeBeforeTax": "13704000000",
            "incomeTaxExpense": "2749000000",
            "interestAndDebtExpense": "914000000",
            "netIncomeFromContinuingOperations": "10857000000",
            "comprehensiveIncomeNetOfTax": "10880000000",
            "ebit": "14618000000",
            "ebitda": "16918000000",
            "netIncome": "10955000000"
        },
        {
            "fiscalDateEnding": "2013-05-31",
            "reportedCurrency": "USD",
            "grossProfit": "23100000000",
            "totalRevenue": "37180000000",
            "costOfRevenue": "14080000000",
            "costofGoodsAndServicesSold": "3547000000",
            "operatingIncome": "14684000000",
            "sellingGeneralAndAdministrative": "8400000000",
            "researchAndDevelopment": "4850000000",
            "operatingExpenses": "16298000000",
            "investmentIncomeNet": "237000000",
            "netInterestIncome": "-797000000",
            "interestIncome": "None",
            "interestExpense": "797000000",
            "nonInterestIncome": "-162000000",
            "otherNonOperatingIncome": "48000000",
            "depreciation": "546000000",
            "depreciationAndAmortization": "2385000000",
            "incomeBeforeTax": "13898000000",
            "incomeTaxExpense": "2973000000",
            "interestAndDebtExpense": "797000000",
            "netIncomeFromContinuingOperations": "10782000000",
            "comprehensiveIncomeNetOfTax": "10665000000",
            "ebit": "14695000000",
            "ebitda": "17080000000",
            "netIncome": "10925000000"
        },
        {
            "fiscalDateEnding": "2012-05-31",
            "reportedCurrency": "USD",
            "grossProfit": "22344000000",
            "totalRevenue": "37121000000",
            "costOfRevenue": "14777000000",
            "costofGoodsAndServicesSold": "3743000000",
            "operatingIncome": "13706000000",
            "sellingGeneralAndAdministrative": "8253000000",
            "researchAndDevelopment": "4523000000",
            "operatingExpenses": "16415000000",
            "investmentIncomeNet": "231000000",
            "netInterestIncome": "-766000000",
            "interestIncome": "None",
            "interestExpense": "766000000",
            "nonInterestIncome": "-105000000",
            "otherNonOperatingIncome": "15000000",
            "depreciation": "486000000",
            "depreciationAndAmortization": "2430000000",
            "incomeBeforeTax": "12962000000",
            "incomeTaxExpense": "2981000000",
            "interestAndDebtExpense": "766000000",
            "netIncomeFromContinuingOperations": "23544000000",
            "comprehensiveIncomeNetOfTax": "9727000000",
            "ebit": "13728000000",
            "ebitda": "16158000000",
            "netIncome": "9981000000"
        },
        {
            "fiscalDateEnding": "2011-05-31",
            "reportedCurrency": "USD",
            "grossProfit": "33565000000",
            "totalRevenue": "35622000000",
            "costOfRevenue": "2057000000",
            "costofGoodsAndServicesSold": "2523000000",
            "operatingIncome": "12033000000",
            "sellingGeneralAndAdministrative": "7549000000",
            "researchAndDevelopment": "4519000000",
            "operatingExpenses": "16043000000",
            "investmentIncomeNet": "163000000",
            "netInterestIncome": "-808000000",
            "interestIncome": "None",
            "interestExpense": "808000000",
            "nonInterestIncome": "11000000",
            "otherNonOperatingIncome": "109000000",
            "depreciation": "368000000",
            "depreciationAndAmortization": "2428000000",
            "incomeBeforeTax": "11411000000",
            "incomeTaxExpense": "2864000000",
            "interestAndDebtExpense": "808000000",
            "netIncomeFromContinuingOperations": "9258000000",
            "comprehensiveIncomeNetOfTax": "9030000000",
            "ebit": "12219000000",
            "ebitda": "14647000000",
            "netIncome": "8547000000"
        },
        {
            "fiscalDateEnding": "2010-05-31",
            "reportedCurrency": "USD",
            "grossProfit": "25940000000",
            "totalRevenue": "26820000000",
            "costOfRevenue": "880000000",
            "costofGoodsAndServicesSold": "1486000000",
            "operatingIncome": "9062000000",
            "sellingGeneralAndAdministrative": "5991000000",
            "researchAndDevelopment": "3254000000",
            "operatingExpenses": "11240000000",
            "investmentIncomeNet": "122000000",
            "netInterestIncome": "754000000",
            "interestIncome": "1508000000",
            "interestExpense": "754000000",
            "nonInterestIncome": "-148000000",
            "otherNonOperatingIncome": "56000000",
            "depreciation": "298000000",
            "depreciationAndAmortization": "1973000000",
            "incomeBeforeTax": "8243000000",
            "incomeTaxExpense": "2108000000",
            "interestAndDebtExpense": "-754000000",
            "netIncomeFromContinuingOperations": "6889000000",
            "comprehensiveIncomeNetOfTax": "0",
            "ebit": "8997000000",
            "ebitda": "10970000000",
            "netIncome": "6135000000"
        }
    ],
    "quarterlyReports": [
        {
            "fiscalDateEnding": "2024-08-31",
            "reportedCurrency": "USD",
            "grossProfit": "10153000000",
            "totalRevenue": "13257000000",
            "costOfRevenue": "3104000000",
            "costofGoodsAndServicesSold": "3906000000",
            "operatingIncome": "3991000000",
            "sellingGeneralAndAdministrative": "2394000000",
            "researchAndDevelopment": "2306000000",
            "operatingExpenses": "5410000000",
            "investmentIncomeNet": "133000000",
            "netInterestIncome": "-709000000",
            "interestIncome": "133000000",
            "interestExpense": "842000000",
            "nonInterestIncome": "13257000000",
            "otherNonOperatingIncome": "49000000",
            "depreciation": "804000000",
            "depreciationAndAmortization": "624000000",
            "incomeBeforeTax": "3169000000",
            "incomeTaxExpense": "240000000",
            "interestAndDebtExpense": "None",
            "netIncomeFromContinuingOperations": "3864000000",
            "comprehensiveIncomeNetOfTax": "3033000000",
            "ebit": "4011000000",
            "ebitda": "4635000000",
            "netIncome": "2929000000"
        },
        {
            "fiscalDateEnding": "2024-05-31",
            "reportedCurrency": "USD",
            "grossProfit": "13644000000",
            "totalRevenue": "17095000000",
            "costOfRevenue": "3451000000",
            "costofGoodsAndServicesSold": "4666000000",
            "operatingIncome": "4686000000",
            "sellingGeneralAndAdministrative": "2515000000",
            "researchAndDevelopment": "2226000000",
            "operatingExpenses": "5677000000",
            "investmentIncomeNet": "71000000",
            "netInterestIncome": "-878000000",
            "interestIncome": "71000000",
            "interestExpense": "878000000",
            "nonInterestIncome": "14231000000",
            "otherNonOperatingIncome": "28000000",
            "depreciation": "811000000",
            "depreciationAndAmortization": "743000000",
            "incomeBeforeTax": "3782000000",
            "incomeTaxExpense": "638000000",
            "interestAndDebtExpense": "878000000",
            "netIncomeFromContinuingOperations": "4134000000",
            "comprehensiveIncomeNetOfTax": "3178000000",
            "ebit": "4660000000",
            "ebitda": "5403000000",
            "netIncome": "3144000000"
        },
        {
            "fiscalDateEnding": "2024-02-29",
            "reportedCurrency": "USD",
            "grossProfit": "8932000000",
            "totalRevenue": "12345000000",
            "costOfRevenue": "3413000000",
            "costofGoodsAndServicesSold": "3869000000",
            "operatingIncome": "3750000000",
            "sellingGeneralAndAdministrative": "2419000000",
            "researchAndDevelopment": "2248000000",
            "operatingExpenses": "5661000000",
            "investmentIncomeNet": "111000000",
            "netInterestIncome": "-876000000",
            "interestIncome": "111000000",
            "interestExpense": "876000000",
            "nonInterestIncome": "13221000000",
            "otherNonOperatingIncome": "84000000",
            "depreciation": "808000000",
            "depreciationAndAmortization": "749000000",
            "incomeBeforeTax": "2865000000",
            "incomeTaxExpense": "464000000",
            "interestAndDebtExpense": "876000000",
            "netIncomeFromContinuingOperations": "3387000000",
            "comprehensiveIncomeNetOfTax": "2362000000",
            "ebit": "3741000000",
            "ebitda": "4490000000",
            "netIncome": "2401000000"
        },
        {
            "fiscalDateEnding": "2023-11-30",
            "reportedCurrency": "USD",
            "grossProfit": "8668000000",
            "totalRevenue": "12021000000",
            "costOfRevenue": "3353000000",
            "costofGoodsAndServicesSold": "3740000000",
            "operatingIncome": "3622000000",
            "sellingGeneralAndAdministrative": "2468000000",
            "researchAndDevelopment": "2226000000",
            "operatingExpenses": "5579000000",
            "investmentIncomeNet": "133000000",
            "netInterestIncome": "-888000000",
            "interestIncome": "133000000",
            "interestExpense": "888000000",
            "nonInterestIncome": "12909000000",
            "otherNonOperatingIncome": "5000000",
            "depreciation": "798000000",
            "depreciationAndAmortization": "755000000",
            "incomeBeforeTax": "2720000000",
            "incomeTaxExpense": "217000000",
            "interestAndDebtExpense": "888000000",
            "netIncomeFromContinuingOperations": "3464000000",
            "comprehensiveIncomeNetOfTax": "2573000000",
            "ebit": "3608000000",
            "ebitda": "4363000000",
            "netIncome": "2503000000"
        },
        {
            "fiscalDateEnding": "2023-08-31",
            "reportedCurrency": "USD",
            "grossProfit": "8168000000",
            "totalRevenue": "11499000000",
            "costOfRevenue": "3331000000",
            "costofGoodsAndServicesSold": "3610000000",
            "operatingIncome": "3296000000",
            "sellingGeneralAndAdministrative": "2419000000",
            "researchAndDevelopment": "2216000000",
            "operatingExpenses": "5547000000",
            "investmentIncomeNet": "136000000",
            "netInterestIncome": "-872000000",
            "interestIncome": "136000000",
            "interestExpense": "872000000",
            "nonInterestIncome": "12371000000",
            "otherNonOperatingIncome": "52000000",
            "depreciation": "712000000",
            "depreciationAndAmortization": "763000000",
            "incomeBeforeTax": "2375000000",
            "incomeTaxExpense": "-45000000",
            "interestAndDebtExpense": "872000000",
            "netIncomeFromContinuingOperations": "3411000000",
            "comprehensiveIncomeNetOfTax": "2445000000",
            "ebit": "3247000000",
            "ebitda": "4010000000",
            "netIncome": "2420000000"
        },
        {
            "fiscalDateEnding": "2023-05-31",
            "reportedCurrency": "USD",
            "grossProfit": "12827000000",
            "totalRevenue": "16567000000",
            "costOfRevenue": "3740000000",
            "costofGoodsAndServicesSold": "3730000000",
            "operatingIncome": "4140000000",
            "sellingGeneralAndAdministrative": "2689000000",
            "researchAndDevelopment": "2226000000",
            "operatingExpenses": "5966000000",
            "investmentIncomeNet": "105000000",
            "netInterestIncome": "-955000000",
            "interestIncome": "105000000",
            "interestExpense": "955000000",
            "nonInterestIncome": "13768000000",
            "otherNonOperatingIncome": "10000000",
            "depreciation": "716000000",
            "depreciationAndAmortization": "870000000",
            "incomeBeforeTax": "3109000000",
            "incomeTaxExpense": "-210000000",
            "interestAndDebtExpense": "955000000",
            "netIncomeFromContinuingOperations": "4387000000",
            "comprehensiveIncomeNetOfTax": "3491000000",
            "ebit": "4064000000",
            "ebitda": "4934000000",
            "netIncome": "3319000000"
        },
        {
            "fiscalDateEnding": "2023-02-28",
            "reportedCurrency": "USD",
            "grossProfit": "7882000000",
            "totalRevenue": "11435000000",
            "costOfRevenue": "3553000000",
            "costofGoodsAndServicesSold": "3439000000",
            "operatingIncome": "3260000000",
            "sellingGeneralAndAdministrative": "2552000000",
            "researchAndDevelopment": "2146000000",
            "operatingExpenses": "5699000000",
            "investmentIncomeNet": "90000000",
            "netInterestIncome": "-908000000",
            "interestIncome": "90000000",
            "interestExpense": "908000000",
            "nonInterestIncome": "12343000000",
            "otherNonOperatingIncome": "-6000000",
            "depreciation": "672000000",
            "depreciationAndAmortization": "886000000",
            "incomeBeforeTax": "2218000000",
            "incomeTaxExpense": "322000000",
            "interestAndDebtExpense": "908000000",
            "netIncomeFromContinuingOperations": "2900000000",
            "comprehensiveIncomeNetOfTax": "1979000000",
            "ebit": "3126000000",
            "ebitda": "4012000000",
            "netIncome": "1896000000"
        },
        {
            "fiscalDateEnding": "2022-11-30",
            "reportedCurrency": "USD",
            "grossProfit": "7676000000",
            "totalRevenue": "11364000000",
            "costOfRevenue": "3688000000",
            "costofGoodsAndServicesSold": "3358000000",
            "operatingIncome": "3071000000",
            "sellingGeneralAndAdministrative": "2582000000",
            "researchAndDevelopment": "2158000000",
            "operatingExpenses": "5846000000",
            "investmentIncomeNet": "52000000",
            "netInterestIncome": "-856000000",
            "interestIncome": "52000000",
            "interestExpense": "856000000",
            "nonInterestIncome": "12220000000",
            "otherNonOperatingIncome": "13000000",
            "depreciation": "591000000",
            "depreciationAndAmortization": "907000000",
            "incomeBeforeTax": "2144000000",
            "incomeTaxExpense": "403000000",
            "interestAndDebtExpense": "856000000",
            "netIncomeFromContinuingOperations": "2693000000",
            "comprehensiveIncomeNetOfTax": "1929000000",
            "ebit": "3000000000",
            "ebitda": "3907000000",
            "netIncome": "1741000000"
        },
        {
            "fiscalDateEnding": "2022-08-31",
            "reportedCurrency": "USD",
            "grossProfit": "6895000000",
            "totalRevenue": "10587000000",
            "costOfRevenue": "3692000000",
            "costofGoodsAndServicesSold": "3037000000",
            "operatingIncome": "2623000000",
            "sellingGeneralAndAdministrative": "2588000000",
            "researchAndDevelopment": "2093000000",
            "operatingExpenses": "5785000000",
            "investmentIncomeNet": "38000000",
            "netInterestIncome": "-787000000",
            "interestIncome": "38000000",
            "interestExpense": "787000000",
            "nonInterestIncome": "11374000000",
            "otherNonOperatingIncome": "-23000000",
            "depreciation": "547000000",
            "depreciationAndAmortization": "919000000",
            "incomeBeforeTax": "1656000000",
            "incomeTaxExpense": "108000000",
            "interestAndDebtExpense": "787000000",
            "netIncomeFromContinuingOperations": "2444000000",
            "comprehensiveIncomeNetOfTax": "1276000000",
            "ebit": "2443000000",
            "ebitda": "3362000000",
            "netIncome": "1548000000"
        },
        {
            "fiscalDateEnding": "2022-05-31",
            "reportedCurrency": "USD",
            "grossProfit": "42440000000",
            "totalRevenue": "42440000000",
            "costOfRevenue": "2976000000",
            "costofGoodsAndServicesSold": "2396000000",
            "operatingIncome": "4502000000",
            "sellingGeneralAndAdministrative": "2600000000",
            "researchAndDevelopment": "1965000000",
            "operatingExpenses": "4941000000",
            "investmentIncomeNet": "38000000",
            "netInterestIncome": "-704000000",
            "interestIncome": "38000000",
            "interestExpense": "704000000",
            "nonInterestIncome": "11750000000",
            "otherNonOperatingIncome": "-60000000",
            "depreciation": "563000000",
            "depreciationAndAmortization": "268000000",
            "incomeBeforeTax": "3624000000",
            "incomeTaxExpense": "435000000",
            "interestAndDebtExpense": "704000000",
            "netIncomeFromContinuingOperations": "42440000000",
            "comprehensiveIncomeNetOfTax": "3175000000",
            "ebit": "4328000000",
            "ebitda": "4596000000",
            "netIncome": "3189000000"
        },
        {
            "fiscalDateEnding": "2022-02-28",
            "reportedCurrency": "USD",
            "grossProfit": "7160000000",
            "totalRevenue": "9817000000",
            "costOfRevenue": "2657000000",
            "costofGoodsAndServicesSold": "2218000000",
            "operatingIncome": "3822000000",
            "sellingGeneralAndAdministrative": "2339000000",
            "researchAndDevelopment": "1816000000",
            "operatingExpenses": "4473000000",
            "investmentIncomeNet": "16000000",
            "netInterestIncome": "-667000000",
            "interestIncome": "16000000",
            "interestExpense": "667000000",
            "nonInterestIncome": "10484000000",
            "otherNonOperatingIncome": "-63000000",
            "depreciation": "496000000",
            "depreciationAndAmortization": "279000000",
            "incomeBeforeTax": "2840000000",
            "incomeTaxExpense": "521000000",
            "interestAndDebtExpense": "667000000",
            "netIncomeFromContinuingOperations": "3057000000",
            "comprehensiveIncomeNetOfTax": "2257000000",
            "ebit": "3507000000",
            "ebitda": "3786000000",
            "netIncome": "2319000000"
        },
        {
            "fiscalDateEnding": "2021-11-30",
            "reportedCurrency": "USD",
            "grossProfit": "2364000000",
            "totalRevenue": "9635000000",
            "costOfRevenue": "7271000000",
            "costofGoodsAndServicesSold": "2159000000",
            "operatingIncome": "-824000000",
            "sellingGeneralAndAdministrative": "2273000000",
            "researchAndDevelopment": "1754000000",
            "operatingExpenses": "9025000000",
            "investmentIncomeNet": "21000000",
            "netInterestIncome": "-679000000",
            "interestIncome": "21000000",
            "interestExpense": "679000000",
            "nonInterestIncome": "10314000000",
            "otherNonOperatingIncome": "-6000000",
            "depreciation": "459000000",
            "depreciationAndAmortization": "299000000",
            "incomeBeforeTax": "-1496000000",
            "incomeTaxExpense": "-249000000",
            "interestAndDebtExpense": "679000000",
            "netIncomeFromContinuingOperations": "-480000000",
            "comprehensiveIncomeNetOfTax": "-1467000000",
            "ebit": "-817000000",
            "ebitda": "-518000000",
            "netIncome": "-1247000000"
        },
        {
            "fiscalDateEnding": "2021-08-31",
            "reportedCurrency": "USD",
            "grossProfit": "6474000000",
            "totalRevenue": "8988000000",
            "costOfRevenue": "2514000000",
            "costofGoodsAndServicesSold": "2103000000",
            "operatingIncome": "3427000000",
            "sellingGeneralAndAdministrative": "2152000000",
            "researchAndDevelopment": "1684000000",
            "operatingExpenses": "4198000000",
            "investmentIncomeNet": "20000000",
            "netInterestIncome": "-705000000",
            "interestIncome": "20000000",
            "interestExpense": "705000000",
            "nonInterestIncome": "9693000000",
            "otherNonOperatingIncome": "43000000",
            "depreciation": "454000000",
            "depreciationAndAmortization": "303000000",
            "incomeBeforeTax": "2681000000",
            "incomeTaxExpense": "224000000",
            "interestAndDebtExpense": "705000000",
            "netIncomeFromContinuingOperations": "3244000000",
            "comprehensiveIncomeNetOfTax": "2236000000",
            "ebit": "3386000000",
            "ebitda": "3689000000",
            "netIncome": "2457000000"
        },
        {
            "fiscalDateEnding": "2021-05-31",
            "reportedCurrency": "USD",
            "grossProfit": "40479000000",
            "totalRevenue": "40479000000",
            "costOfRevenue": "2849000000",
            "costofGoodsAndServicesSold": "2122000000",
            "operatingIncome": "4541000000",
            "sellingGeneralAndAdministrative": "2382000000",
            "researchAndDevelopment": "1715000000",
            "operatingExpenses": "4756000000",
            "investmentIncomeNet": "21000000",
            "netInterestIncome": "-697000000",
            "interestIncome": "21000000",
            "interestExpense": "697000000",
            "nonInterestIncome": "11199000000",
            "otherNonOperatingIncome": "110000000",
            "depreciation": "410000000",
            "depreciationAndAmortization": "342000000",
            "incomeBeforeTax": "4156000000",
            "incomeTaxExpense": "124000000",
            "interestAndDebtExpense": "697000000",
            "netIncomeFromContinuingOperations": "40479000000",
            "comprehensiveIncomeNetOfTax": "4012000000",
            "ebit": "4853000000",
            "ebitda": "5195000000",
            "netIncome": "4032000000"
        },
        {
            "fiscalDateEnding": "2021-02-28",
            "reportedCurrency": "USD",
            "grossProfit": "6811000000",
            "totalRevenue": "9482000000",
            "costOfRevenue": "2671000000",
            "costofGoodsAndServicesSold": "1915000000",
            "operatingIncome": "3878000000",
            "sellingGeneralAndAdministrative": "2245000000",
            "researchAndDevelopment": "1621000000",
            "operatingExpenses": "4292000000",
            "investmentIncomeNet": "23000000",
            "netInterestIncome": "-585000000",
            "interestIncome": "23000000",
            "interestExpense": "585000000",
            "nonInterestIncome": "10067000000",
            "otherNonOperatingIncome": "24000000",
            "depreciation": "385000000",
            "depreciationAndAmortization": "347000000",
            "incomeBeforeTax": "3276000000",
            "incomeTaxExpense": "-1745000000",
            "interestAndDebtExpense": "585000000",
            "netIncomeFromContinuingOperations": "5670000000",
            "comprehensiveIncomeNetOfTax": "5152000000",
            "ebit": "3861000000",
            "ebitda": "4208000000",
            "netIncome": "5021000000"
        },
        {
            "fiscalDateEnding": "2020-11-30",
            "reportedCurrency": "USD",
            "grossProfit": "6507000000",
            "totalRevenue": "9184000000",
            "costOfRevenue": "2677000000",
            "costofGoodsAndServicesSold": "1939000000",
            "operatingIncome": "3583000000",
            "sellingGeneralAndAdministrative": "2160000000",
            "researchAndDevelopment": "1601000000",
            "operatingExpenses": "4278000000",
            "investmentIncomeNet": "27000000",
            "netInterestIncome": "-600000000",
            "interestIncome": "27000000",
            "interestExpense": "600000000",
            "nonInterestIncome": "9784000000",
            "otherNonOperatingIncome": "21000000",
            "depreciation": "386000000",
            "depreciationAndAmortization": "345000000",
            "incomeBeforeTax": "2972000000",
            "incomeTaxExpense": "530000000",
            "interestAndDebtExpense": "600000000",
            "netIncomeFromContinuingOperations": "3101000000",
            "comprehensiveIncomeNetOfTax": "2493000000",
            "ebit": "3572000000",
            "ebitda": "3917000000",
            "netIncome": "2442000000"
        },
        {
            "fiscalDateEnding": "2020-08-31",
            "reportedCurrency": "USD",
            "grossProfit": "6016000000",
            "totalRevenue": "8703000000",
            "costOfRevenue": "2687000000",
            "costofGoodsAndServicesSold": "1880000000",
            "operatingIncome": "3211000000",
            "sellingGeneralAndAdministrative": "2149000000",
            "researchAndDevelopment": "1589000000",
            "operatingExpenses": "4276000000",
            "investmentIncomeNet": "31000000",
            "netInterestIncome": "-614000000",
            "interestIncome": "31000000",
            "interestExpense": "614000000",
            "nonInterestIncome": "9317000000",
            "otherNonOperatingIncome": "55000000",
            "depreciation": "356000000",
            "depreciationAndAmortization": "345000000",
            "incomeBeforeTax": "2595000000",
            "incomeTaxExpense": "344000000",
            "interestAndDebtExpense": "614000000",
            "netIncomeFromContinuingOperations": "2953000000",
            "comprehensiveIncomeNetOfTax": "2630000000",
            "ebit": "3209000000",
            "ebitda": "3554000000",
            "netIncome": "2251000000"
        },
        {
            "fiscalDateEnding": "2020-05-31",
            "reportedCurrency": "USD",
            "grossProfit": "39068000000",
            "totalRevenue": "39068000000",
            "costOfRevenue": "2683000000",
            "costofGoodsAndServicesSold": "1969000000",
            "operatingIncome": "4308000000",
            "sellingGeneralAndAdministrative": "2237000000",
            "researchAndDevelopment": "1479000000",
            "operatingExpenses": "4407000000",
            "investmentIncomeNet": "70000000",
            "netInterestIncome": "-579000000",
            "interestIncome": "70000000",
            "interestExpense": "579000000",
            "nonInterestIncome": "10381000000",
            "otherNonOperatingIncome": "4000000",
            "depreciation": "357000000",
            "depreciationAndAmortization": "365000000",
            "incomeBeforeTax": "3696000000",
            "incomeTaxExpense": "580000000",
            "interestAndDebtExpense": "579000000",
            "netIncomeFromContinuingOperations": "39068000000",
            "comprehensiveIncomeNetOfTax": "3079000000",
            "ebit": "4275000000",
            "ebitda": "4640000000",
            "netIncome": "3116000000"
        },
        {
            "fiscalDateEnding": "2020-02-29",
            "reportedCurrency": "USD",
            "grossProfit": "6493000000",
            "totalRevenue": "9297000000",
            "costOfRevenue": "2804000000",
            "costofGoodsAndServicesSold": "1964000000",
            "operatingIncome": "3528000000",
            "sellingGeneralAndAdministrative": "2337000000",
            "researchAndDevelopment": "1500000000",
            "operatingExpenses": "4304000000",
            "investmentIncomeNet": "122000000",
            "netInterestIncome": "-456000000",
            "interestIncome": "122000000",
            "interestExpense": "456000000",
            "nonInterestIncome": "9749000000",
            "otherNonOperatingIncome": "-43000000",
            "depreciation": "348000000",
            "depreciationAndAmortization": "400000000",
            "incomeBeforeTax": "3076000000",
            "incomeTaxExpense": "505000000",
            "interestAndDebtExpense": "456000000",
            "netIncomeFromContinuingOperations": "3102000000",
            "comprehensiveIncomeNetOfTax": "2529000000",
            "ebit": "3532000000",
            "ebitda": "3932000000",
            "netIncome": "2571000000"
        },
        {
            "fiscalDateEnding": "2019-11-30",
            "reportedCurrency": "USD",
            "grossProfit": "6275000000",
            "totalRevenue": "9127000000",
            "costOfRevenue": "2852000000",
            "costofGoodsAndServicesSold": "2048000000",
            "operatingIncome": "3183000000",
            "sellingGeneralAndAdministrative": "2391000000",
            "researchAndDevelopment": "1531000000",
            "operatingExpenses": "4383000000",
            "investmentIncomeNet": "145000000",
            "netInterestIncome": "-465000000",
            "interestIncome": "145000000",
            "interestExpense": "465000000",
            "nonInterestIncome": "9588000000",
            "otherNonOperatingIncome": "19000000",
            "depreciation": "341000000",
            "depreciationAndAmortization": "407000000",
            "incomeBeforeTax": "2810000000",
            "incomeTaxExpense": "499000000",
            "interestAndDebtExpense": "465000000",
            "netIncomeFromContinuingOperations": "2848000000",
            "comprehensiveIncomeNetOfTax": "2245000000",
            "ebit": "3275000000",
            "ebitda": "3682000000",
            "netIncome": "2311000000"
        },
        {
            "fiscalDateEnding": "2019-08-31",
            "reportedCurrency": "USD",
            "grossProfit": "5846000000",
            "totalRevenue": "8673000000",
            "costOfRevenue": "2827000000",
            "costofGoodsAndServicesSold": "1957000000",
            "operatingIncome": "2877000000",
            "sellingGeneralAndAdministrative": "2310000000",
            "researchAndDevelopment": "1557000000",
            "operatingExpenses": "4384000000",
            "investmentIncomeNet": "190000000",
            "netInterestIncome": "-494000000",
            "interestIncome": "190000000",
            "interestExpense": "494000000",
            "nonInterestIncome": "9163000000",
            "otherNonOperatingIncome": "4000000",
            "depreciation": "336000000",
            "depreciationAndAmortization": "414000000",
            "incomeBeforeTax": "2482000000",
            "incomeTaxExpense": "345000000",
            "interestAndDebtExpense": "494000000",
            "netIncomeFromContinuingOperations": "2726000000",
            "comprehensiveIncomeNetOfTax": "2194000000",
            "ebit": "2976000000",
            "ebitda": "3390000000",
            "netIncome": "2137000000"
        },
        {
            "fiscalDateEnding": "2019-05-31",
            "reportedCurrency": "USD",
            "grossProfit": "39506000000",
            "totalRevenue": "39506000000",
            "costOfRevenue": "3255000000",
            "costofGoodsAndServicesSold": "2063000000",
            "operatingIncome": "4257000000",
            "sellingGeneralAndAdministrative": "2648000000",
            "researchAndDevelopment": "1562000000",
            "operatingExpenses": "5007000000",
            "investmentIncomeNet": "202000000",
            "netInterestIncome": "-525000000",
            "interestIncome": "202000000",
            "interestExpense": "525000000",
            "nonInterestIncome": "11094000000",
            "otherNonOperatingIncome": "21000000",
            "depreciation": "330000000",
            "depreciationAndAmortization": "424000000",
            "incomeBeforeTax": "3866000000",
            "incomeTaxExpense": "126000000",
            "interestAndDebtExpense": "525000000",
            "netIncomeFromContinuingOperations": "39506000000",
            "comprehensiveIncomeNetOfTax": "3846000000",
            "ebit": "4391000000",
            "ebitda": "4815000000",
            "netIncome": "3740000000"
        },
        {
            "fiscalDateEnding": "2019-02-28",
            "reportedCurrency": "USD",
            "grossProfit": "6279000000",
            "totalRevenue": "9092000000",
            "costOfRevenue": "2813000000",
            "costofGoodsAndServicesSold": "1976000000",
            "operatingIncome": "3399000000",
            "sellingGeneralAndAdministrative": "2367000000",
            "researchAndDevelopment": "1426000000",
            "operatingExpenses": "4239000000",
            "investmentIncomeNet": "246000000",
            "netInterestIncome": "-509000000",
            "interestIncome": "246000000",
            "interestExpense": "509000000",
            "nonInterestIncome": "9601000000",
            "otherNonOperatingIncome": "0",
            "depreciation": "334000000",
            "depreciationAndAmortization": "407000000",
            "incomeBeforeTax": "3088000000",
            "incomeTaxExpense": "343000000",
            "interestAndDebtExpense": "509000000",
            "netIncomeFromContinuingOperations": "3302000000",
            "comprehensiveIncomeNetOfTax": "2976000000",
            "ebit": "3597000000",
            "ebitda": "4004000000",
            "netIncome": "2745000000"
        },
        {
            "fiscalDateEnding": "2018-11-30",
            "reportedCurrency": "USD",
            "grossProfit": "6036000000",
            "totalRevenue": "9021000000",
            "costOfRevenue": "2985000000",
            "costofGoodsAndServicesSold": "2001000000",
            "operatingIncome": "3101000000",
            "sellingGeneralAndAdministrative": "2400000000",
            "researchAndDevelopment": "1475000000",
            "operatingExpenses": "4460000000",
            "investmentIncomeNet": "296000000",
            "netInterestIncome": "-519000000",
            "interestIncome": "None",
            "interestExpense": "519000000",
            "nonInterestIncome": "9540000000",
            "otherNonOperatingIncome": "-50000000",
            "depreciation": "280000000",
            "depreciationAndAmortization": "424000000",
            "incomeBeforeTax": "2774000000",
            "incomeTaxExpense": "441000000",
            "interestAndDebtExpense": "519000000",
            "netIncomeFromContinuingOperations": "2906000000",
            "comprehensiveIncomeNetOfTax": "2134000000",
            "ebit": "3293000000",
            "ebitda": "3717000000",
            "netIncome": "2333000000"
        },
        {
            "fiscalDateEnding": "2018-08-31",
            "reportedCurrency": "USD",
            "grossProfit": "5458000000",
            "totalRevenue": "8630000000",
            "costOfRevenue": "2898000000",
            "costofGoodsAndServicesSold": "1953000000",
            "operatingIncome": "2778000000",
            "sellingGeneralAndAdministrative": "2360000000",
            "researchAndDevelopment": "1564000000",
            "operatingExpenses": "4462000000",
            "investmentIncomeNet": "348000000",
            "netInterestIncome": "-529000000",
            "interestIncome": "None",
            "interestExpense": "529000000",
            "nonInterestIncome": "9159000000",
            "otherNonOperatingIncome": "16000000",
            "depreciation": "286000000",
            "depreciationAndAmortization": "434000000",
            "incomeBeforeTax": "2540000000",
            "incomeTaxExpense": "275000000",
            "interestAndDebtExpense": "529000000",
            "netIncomeFromContinuingOperations": "2265000000",
            "comprehensiveIncomeNetOfTax": "2188000000",
            "ebit": "3069000000",
            "ebitda": "3503000000",
            "netIncome": "2265000000"
        },
        {
            "fiscalDateEnding": "2018-05-31",
            "reportedCurrency": "USD",
            "grossProfit": "6994000000",
            "totalRevenue": "39383000000",
            "costOfRevenue": "32389000000",
            "costofGoodsAndServicesSold": "754000000",
            "operatingIncome": "4161000000",
            "sellingGeneralAndAdministrative": "2632000000",
            "researchAndDevelopment": "1543000000",
            "operatingExpenses": "4839000000",
            "investmentIncomeNet": "352000000",
            "netInterestIncome": "-548000000",
            "interestIncome": "None",
            "interestExpense": "548000000",
            "nonInterestIncome": "-28000000",
            "otherNonOperatingIncome": "-5000000",
            "depreciation": "287000000",
            "depreciationAndAmortization": "415000000",
            "incomeBeforeTax": "3907000000",
            "incomeTaxExpense": "631000000",
            "interestAndDebtExpense": "548000000",
            "netIncomeFromContinuingOperations": "39383000000",
            "comprehensiveIncomeNetOfTax": "2918000000",
            "ebit": "4455000000",
            "ebitda": "4870000000",
            "netIncome": "3276000000"
        },
        {
            "fiscalDateEnding": "2018-02-28",
            "reportedCurrency": "USD",
            "grossProfit": "5968000000",
            "totalRevenue": "9771000000",
            "costOfRevenue": "3803000000",
            "costofGoodsAndServicesSold": "712000000",
            "operatingIncome": "3315000000",
            "sellingGeneralAndAdministrative": "2373000000",
            "researchAndDevelopment": "1496000000",
            "operatingExpenses": "4359000000",
            "investmentIncomeNet": "313000000",
            "netInterestIncome": "-533000000",
            "interestIncome": "None",
            "interestExpense": "533000000",
            "nonInterestIncome": "-35000000",
            "otherNonOperatingIncome": "168000000",
            "depreciation": "305000000",
            "depreciationAndAmortization": "394000000",
            "incomeBeforeTax": "3191000000",
            "incomeTaxExpense": "7238000000",
            "interestAndDebtExpense": "533000000",
            "netIncomeFromContinuingOperations": "-4061000000",
            "comprehensiveIncomeNetOfTax": "-4429000000",
            "ebit": "3724000000",
            "ebitda": "4118000000",
            "netIncome": "-4047000000"
        },
        {
            "fiscalDateEnding": "2017-11-30",
            "reportedCurrency": "USD",
            "grossProfit": "5818000000",
            "totalRevenue": "9621000000",
            "costOfRevenue": "3803000000",
            "costofGoodsAndServicesSold": "720000000",
            "operatingIncome": "3039000000",
            "sellingGeneralAndAdministrative": "2403000000",
            "researchAndDevelopment": "1473000000",
            "operatingExpenses": "4587000000",
            "investmentIncomeNet": "279000000",
            "netInterestIncome": "-475000000",
            "interestIncome": "None",
            "interestExpense": "475000000",
            "nonInterestIncome": "-7000000",
            "otherNonOperatingIncome": "15000000",
            "depreciation": "288000000",
            "depreciationAndAmortization": "400000000",
            "incomeBeforeTax": "2826000000",
            "incomeTaxExpense": "612000000",
            "interestAndDebtExpense": "475000000",
            "netIncomeFromContinuingOperations": "2205000000",
            "comprehensiveIncomeNetOfTax": "2026000000",
            "ebit": "3301000000",
            "ebitda": "3701000000",
            "netIncome": "2214000000"
        },
        {
            "fiscalDateEnding": "2017-08-31",
            "reportedCurrency": "USD",
            "grossProfit": "5432000000",
            "totalRevenue": "9187000000",
            "costOfRevenue": "3755000000",
            "costofGoodsAndServicesSold": "702000000",
            "operatingIncome": "2749000000",
            "sellingGeneralAndAdministrative": "2312000000",
            "researchAndDevelopment": "1572000000",
            "operatingExpenses": "4433000000",
            "investmentIncomeNet": "257000000",
            "netInterestIncome": "-469000000",
            "interestIncome": "None",
            "interestExpense": "469000000",
            "nonInterestIncome": "-4000000",
            "otherNonOperatingIncome": "13000000",
            "depreciation": "285000000",
            "depreciationAndAmortization": "411000000",
            "incomeBeforeTax": "2500000000",
            "incomeTaxExpense": "356000000",
            "interestAndDebtExpense": "469000000",
            "netIncomeFromContinuingOperations": "2163000000",
            "comprehensiveIncomeNetOfTax": "2243000000",
            "ebit": "2969000000",
            "ebitda": "3380000000",
            "netIncome": "2144000000"
        },
        {
            "fiscalDateEnding": "2017-05-31",
            "reportedCurrency": "USD",
            "grossProfit": "6815000000",
            "totalRevenue": "10957000000",
            "costOfRevenue": "4142000000",
            "costofGoodsAndServicesSold": "728000000",
            "operatingIncome": "4277000000",
            "sellingGeneralAndAdministrative": "2631000000",
            "researchAndDevelopment": "1602000000",
            "operatingExpenses": "4945000000",
            "investmentIncomeNet": "224000000",
            "netInterestIncome": "-481000000",
            "interestIncome": "None",
            "interestExpense": "481000000",
            "nonInterestIncome": "3000000",
            "otherNonOperatingIncome": "-25000000",
            "depreciation": "278000000",
            "depreciationAndAmortization": "441000000",
            "incomeBeforeTax": "3924000000",
            "incomeTaxExpense": "575000000",
            "interestAndDebtExpense": "481000000",
            "netIncomeFromContinuingOperations": "3209000000",
            "comprehensiveIncomeNetOfTax": "3348000000",
            "ebit": "4405000000",
            "ebitda": "4846000000",
            "netIncome": "3349000000"
        },
        {
            "fiscalDateEnding": "2017-02-28",
            "reportedCurrency": "USD",
            "grossProfit": "5582000000",
            "totalRevenue": "9205000000",
            "costOfRevenue": "3623000000",
            "costofGoodsAndServicesSold": "680000000",
            "operatingIncome": "2959000000",
            "sellingGeneralAndAdministrative": "2245000000",
            "researchAndDevelopment": "1521000000",
            "operatingExpenses": "4354000000",
            "investmentIncomeNet": "197000000",
            "netInterestIncome": "-450000000",
            "interestIncome": "None",
            "interestExpense": "450000000",
            "nonInterestIncome": "-94000000",
            "otherNonOperatingIncome": "32000000",
            "depreciation": "259000000",
            "depreciationAndAmortization": "397000000",
            "incomeBeforeTax": "2698000000",
            "incomeTaxExpense": "459000000",
            "interestAndDebtExpense": "450000000",
            "netIncomeFromContinuingOperations": "2219000000",
            "comprehensiveIncomeNetOfTax": "2239000000",
            "ebit": "3148000000",
            "ebitda": "3545000000",
            "netIncome": "2239000000"
        },
        {
            "fiscalDateEnding": "2016-11-30",
            "reportedCurrency": "USD",
            "grossProfit": "5508000000",
            "totalRevenue": "9035000000",
            "costOfRevenue": "3527000000",
            "costofGoodsAndServicesSold": "697000000",
            "operatingIncome": "3037000000",
            "sellingGeneralAndAdministrative": "2263000000",
            "researchAndDevelopment": "1510000000",
            "operatingExpenses": "4201000000",
            "investmentIncomeNet": "204000000",
            "netInterestIncome": "-451000000",
            "interestIncome": "None",
            "interestExpense": "451000000",
            "nonInterestIncome": "-54000000",
            "otherNonOperatingIncome": "5000000",
            "depreciation": "241000000",
            "depreciationAndAmortization": "302000000",
            "incomeBeforeTax": "2685000000",
            "incomeTaxExpense": "653000000",
            "interestAndDebtExpense": "451000000",
            "netIncomeFromContinuingOperations": "1991000000",
            "comprehensiveIncomeNetOfTax": "2032000000",
            "ebit": "3136000000",
            "ebitda": "3438000000",
            "netIncome": "2032000000"
        },
        {
            "fiscalDateEnding": "2016-08-31",
            "reportedCurrency": "USD",
            "grossProfit": "5110000000",
            "totalRevenue": "8595000000",
            "costOfRevenue": "3485000000",
            "costofGoodsAndServicesSold": "695000000",
            "operatingIncome": "2641000000",
            "sellingGeneralAndAdministrative": "2234000000",
            "researchAndDevelopment": "1520000000",
            "operatingExpenses": "4016000000",
            "investmentIncomeNet": "177000000",
            "netInterestIncome": "-416000000",
            "interestIncome": "None",
            "interestExpense": "416000000",
            "nonInterestIncome": "-7000000",
            "otherNonOperatingIncome": "19000000",
            "depreciation": "222000000",
            "depreciationAndAmortization": "136000000",
            "incomeBeforeTax": "2373000000",
            "incomeTaxExpense": "541000000",
            "interestAndDebtExpense": "416000000",
            "netIncomeFromContinuingOperations": "1797000000",
            "comprehensiveIncomeNetOfTax": "2115000000",
            "ebit": "2789000000",
            "ebitda": "2925000000",
            "netIncome": "1832000000"
        },
        {
            "fiscalDateEnding": "2016-05-31",
            "reportedCurrency": "USD",
            "grossProfit": "6541000000",
            "totalRevenue": "10594000000",
            "costOfRevenue": "4053000000",
            "costofGoodsAndServicesSold": "693000000",
            "operatingIncome": "3968000000",
            "sellingGeneralAndAdministrative": "2629000000",
            "researchAndDevelopment": "1534000000",
            "operatingExpenses": "4820000000",
            "investmentIncomeNet": "156000000",
            "netInterestIncome": "-362000000",
            "interestIncome": "None",
            "interestExpense": "362000000",
            "nonInterestIncome": "-108000000",
            "otherNonOperatingIncome": "33000000",
            "depreciation": "228000000",
            "depreciationAndAmortization": "355000000",
            "incomeBeforeTax": "3732000000",
            "incomeTaxExpense": "918000000",
            "interestAndDebtExpense": "362000000",
            "netIncomeFromContinuingOperations": "2793000000",
            "comprehensiveIncomeNetOfTax": "2930000000",
            "ebit": "4094000000",
            "ebitda": "4449000000",
            "netIncome": "2814000000"
        },
        {
            "fiscalDateEnding": "2016-02-29",
            "reportedCurrency": "USD",
            "grossProfit": "5445000000",
            "totalRevenue": "9012000000",
            "costOfRevenue": "3567000000",
            "costofGoodsAndServicesSold": "657000000",
            "operatingIncome": "3027000000",
            "sellingGeneralAndAdministrative": "2193000000",
            "researchAndDevelopment": "1419000000",
            "operatingExpenses": "4146000000",
            "investmentIncomeNet": "141000000",
            "netInterestIncome": "-360000000",
            "interestIncome": "None",
            "interestExpense": "360000000",
            "nonInterestIncome": "78000000",
            "otherNonOperatingIncome": "-25000000",
            "depreciation": "214000000",
            "depreciationAndAmortization": "408000000",
            "incomeBeforeTax": "2732000000",
            "incomeTaxExpense": "590000000",
            "interestAndDebtExpense": "360000000",
            "netIncomeFromContinuingOperations": "2106000000",
            "comprehensiveIncomeNetOfTax": "2142000000",
            "ebit": "3092000000",
            "ebitda": "3500000000",
            "netIncome": "2142000000"
        },
        {
            "fiscalDateEnding": "2015-11-30",
            "reportedCurrency": "USD",
            "grossProfit": "5373000000",
            "totalRevenue": "8993000000",
            "costOfRevenue": "3620000000",
            "costofGoodsAndServicesSold": "690000000",
            "operatingIncome": "2955000000",
            "sellingGeneralAndAdministrative": "2230000000",
            "researchAndDevelopment": "1444000000",
            "operatingExpenses": "4185000000",
            "investmentIncomeNet": "123000000",
            "netInterestIncome": "-371000000",
            "interestIncome": "None",
            "interestExpense": "371000000",
            "nonInterestIncome": "-55000000",
            "otherNonOperatingIncome": "18000000",
            "depreciation": "210000000",
            "depreciationAndAmortization": "423000000",
            "incomeBeforeTax": "2668000000",
            "incomeTaxExpense": "471000000",
            "interestAndDebtExpense": "371000000",
            "netIncomeFromContinuingOperations": "2168000000",
            "comprehensiveIncomeNetOfTax": "2197000000",
            "ebit": "3039000000",
            "ebitda": "3462000000",
            "netIncome": "2197000000"
        },
        {
            "fiscalDateEnding": "2015-08-31",
            "reportedCurrency": "USD",
            "grossProfit": "5058000000",
            "totalRevenue": "570000000",
            "costOfRevenue": "-4488000000",
            "costofGoodsAndServicesSold": "711000000",
            "operatingIncome": "2654000000",
            "sellingGeneralAndAdministrative": "1988000000",
            "researchAndDevelopment": "1390000000",
            "operatingExpenses": "3944000000",
            "investmentIncomeNet": "117000000",
            "netInterestIncome": "-374000000",
            "interestIncome": "None",
            "interestExpense": "374000000",
            "nonInterestIncome": "72000000",
            "otherNonOperatingIncome": "-32000000",
            "depreciation": "219000000",
            "depreciationAndAmortization": "452000000",
            "incomeBeforeTax": "2310000000",
            "incomeTaxExpense": "563000000",
            "interestAndDebtExpense": "374000000",
            "netIncomeFromContinuingOperations": "1717000000",
            "comprehensiveIncomeNetOfTax": "1604000000",
            "ebit": "2684000000",
            "ebitda": "3136000000",
            "netIncome": "1747000000"
        },
        {
            "fiscalDateEnding": "2015-05-31",
            "reportedCurrency": "USD",
            "grossProfit": "6432000000",
            "totalRevenue": "10706000000",
            "costOfRevenue": "4171000000",
            "costofGoodsAndServicesSold": "750000000",
            "operatingIncome": "3982000000",
            "sellingGeneralAndAdministrative": "2490000000",
            "researchAndDevelopment": "1436000000",
            "operatingExpenses": "4913000000",
            "investmentIncomeNet": "99000000",
            "netInterestIncome": "-326000000",
            "interestIncome": "None",
            "interestExpense": "326000000",
            "nonInterestIncome": "-41000000",
            "otherNonOperatingIncome": "7000000",
            "depreciation": "210000000",
            "depreciationAndAmortization": "507000000",
            "incomeBeforeTax": "3697000000",
            "incomeTaxExpense": "940000000",
            "interestAndDebtExpense": "326000000",
            "netIncomeFromContinuingOperations": "2744000000",
            "comprehensiveIncomeNetOfTax": "2870000000",
            "ebit": "4023000000",
            "ebitda": "4530000000",
            "netIncome": "2757000000"
        },
        {
            "fiscalDateEnding": "2015-02-28",
            "reportedCurrency": "USD",
            "grossProfit": "5929000000",
            "totalRevenue": "9327000000",
            "costOfRevenue": "3398000000",
            "costofGoodsAndServicesSold": "724000000",
            "operatingIncome": "3383000000",
            "sellingGeneralAndAdministrative": "2091000000",
            "researchAndDevelopment": "1370000000",
            "operatingExpenses": "4044000000",
            "investmentIncomeNet": "82000000",
            "netInterestIncome": "-273000000",
            "interestIncome": "None",
            "interestExpense": "273000000",
            "nonInterestIncome": "-18000000",
            "otherNonOperatingIncome": "7000000",
            "depreciation": "178000000",
            "depreciationAndAmortization": "527000000",
            "incomeBeforeTax": "3150000000",
            "incomeTaxExpense": "655000000",
            "interestAndDebtExpense": "273000000",
            "netIncomeFromContinuingOperations": "2478000000",
            "comprehensiveIncomeNetOfTax": "2495000000",
            "ebit": "3423000000",
            "ebitda": "3950000000",
            "netIncome": "2495000000"
        },
        {
            "fiscalDateEnding": "2014-11-30",
            "reportedCurrency": "USD",
            "grossProfit": "6066000000",
            "totalRevenue": "9598000000",
            "costOfRevenue": "3532000000",
            "costofGoodsAndServicesSold": "764000000",
            "operatingIncome": "3542000000",
            "sellingGeneralAndAdministrative": "2169000000",
            "researchAndDevelopment": "1389000000",
            "operatingExpenses": "4157000000",
            "investmentIncomeNet": "79000000",
            "netInterestIncome": "-282000000",
            "interestIncome": "None",
            "interestExpense": "282000000",
            "nonInterestIncome": "34000000",
            "otherNonOperatingIncome": "-1000000",
            "depreciation": "164000000",
            "depreciationAndAmortization": "568000000",
            "incomeBeforeTax": "3269000000",
            "incomeTaxExpense": "767000000",
            "interestAndDebtExpense": "282000000",
            "netIncomeFromContinuingOperations": "2465000000",
            "comprehensiveIncomeNetOfTax": "2502000000",
            "ebit": "3551000000",
            "ebitda": "4119000000",
            "netIncome": "2502000000"
        },
        {
            "fiscalDateEnding": "2014-08-31",
            "reportedCurrency": "USD",
            "grossProfit": "5282000000",
            "totalRevenue": "8596000000",
            "costOfRevenue": "3314000000",
            "costofGoodsAndServicesSold": "691000000",
            "operatingIncome": "2963000000",
            "sellingGeneralAndAdministrative": "1982000000",
            "researchAndDevelopment": "1329000000",
            "operatingExpenses": "3952000000",
            "investmentIncomeNet": "89000000",
            "netInterestIncome": "-261000000",
            "interestIncome": "None",
            "interestExpense": "261000000",
            "nonInterestIncome": "-72000000",
            "otherNonOperatingIncome": "14000000",
            "depreciation": "160000000",
            "depreciationAndAmortization": "547000000",
            "incomeBeforeTax": "2718000000",
            "incomeTaxExpense": "534000000",
            "interestAndDebtExpense": "261000000",
            "netIncomeFromContinuingOperations": "2138000000",
            "comprehensiveIncomeNetOfTax": "2184000000",
            "ebit": "2979000000",
            "ebitda": "3526000000",
            "netIncome": "2184000000"
        },
        {
            "fiscalDateEnding": "2014-05-31",
            "reportedCurrency": "USD",
            "grossProfit": "7971000000",
            "totalRevenue": "11320000000",
            "costOfRevenue": "3349000000",
            "costofGoodsAndServicesSold": "493000000",
            "operatingIncome": "4909000000",
            "sellingGeneralAndAdministrative": "2231000000",
            "researchAndDevelopment": "1348000000",
            "operatingExpenses": "4631000000",
            "investmentIncomeNet": "74000000",
            "netInterestIncome": "-240000000",
            "interestIncome": "None",
            "interestExpense": "240000000",
            "nonInterestIncome": "-214000000",
            "otherNonOperatingIncome": "17000000",
            "depreciation": "156000000",
            "depreciationAndAmortization": "568000000",
            "incomeBeforeTax": "4588000000",
            "incomeTaxExpense": "942000000",
            "interestAndDebtExpense": "240000000",
            "netIncomeFromContinuingOperations": "3623000000",
            "comprehensiveIncomeNetOfTax": "3571000000",
            "ebit": "4828000000",
            "ebitda": "5396000000",
            "netIncome": "3646000000"
        },
        {
            "fiscalDateEnding": "2014-02-28",
            "reportedCurrency": "USD",
            "grossProfit": "5731000000",
            "totalRevenue": "9307000000",
            "costOfRevenue": "3576000000",
            "costofGoodsAndServicesSold": "804000000",
            "operatingIncome": "3567000000",
            "sellingGeneralAndAdministrative": "2179000000",
            "researchAndDevelopment": "1292000000",
            "operatingExpenses": "4287000000",
            "investmentIncomeNet": "67000000",
            "netInterestIncome": "-228000000",
            "interestIncome": "None",
            "interestExpense": "228000000",
            "nonInterestIncome": "-143000000",
            "otherNonOperatingIncome": "14000000",
            "depreciation": "150000000",
            "depreciationAndAmortization": "560000000",
            "incomeBeforeTax": "3249000000",
            "incomeTaxExpense": "684000000",
            "interestAndDebtExpense": "228000000",
            "netIncomeFromContinuingOperations": "2542000000",
            "comprehensiveIncomeNetOfTax": "2565000000",
            "ebit": "3477000000",
            "ebitda": "4037000000",
            "netIncome": "2565000000"
        },
        {
            "fiscalDateEnding": "2013-11-30",
            "reportedCurrency": "USD",
            "grossProfit": "5551000000",
            "totalRevenue": "9275000000",
            "costOfRevenue": "3724000000",
            "costofGoodsAndServicesSold": "851000000",
            "operatingIncome": "3410000000",
            "sellingGeneralAndAdministrative": "2227000000",
            "researchAndDevelopment": "1273000000",
            "operatingExpenses": "4453000000",
            "investmentIncomeNet": "65000000",
            "netInterestIncome": "-230000000",
            "interestIncome": "None",
            "interestExpense": "230000000",
            "nonInterestIncome": "-121000000",
            "otherNonOperatingIncome": "37000000",
            "depreciation": "152000000",
            "depreciationAndAmortization": "577000000",
            "incomeBeforeTax": "3203000000",
            "incomeTaxExpense": "650000000",
            "interestAndDebtExpense": "230000000",
            "netIncomeFromContinuingOperations": "2518000000",
            "comprehensiveIncomeNetOfTax": "2553000000",
            "ebit": "3433000000",
            "ebitda": "4010000000",
            "netIncome": "2553000000"
        },
        {
            "fiscalDateEnding": "2013-08-31",
            "reportedCurrency": "USD",
            "grossProfit": "4937000000",
            "totalRevenue": "8372000000",
            "costOfRevenue": "3435000000",
            "costofGoodsAndServicesSold": "806000000",
            "operatingIncome": "2873000000",
            "sellingGeneralAndAdministrative": "1968000000",
            "researchAndDevelopment": "1237000000",
            "operatingExpenses": "4083000000",
            "investmentIncomeNet": "57000000",
            "netInterestIncome": "-217000000",
            "interestIncome": "None",
            "interestExpense": "217000000",
            "nonInterestIncome": "-35000000",
            "otherNonOperatingIncome": "2000000",
            "depreciation": "150000000",
            "depreciationAndAmortization": "595000000",
            "incomeBeforeTax": "2663000000",
            "incomeTaxExpense": "472000000",
            "interestAndDebtExpense": "217000000",
            "netIncomeFromContinuingOperations": "2174000000",
            "comprehensiveIncomeNetOfTax": "2191000000",
            "ebit": "2880000000",
            "ebitda": "3475000000",
            "netIncome": "2191000000"
        },
        {
            "fiscalDateEnding": "2013-05-31",
            "reportedCurrency": "USD",
            "grossProfit": "7213000000",
            "totalRevenue": "10947000000",
            "costOfRevenue": "3734000000",
            "costofGoodsAndServicesSold": "879000000",
            "operatingIncome": "5000000000",
            "sellingGeneralAndAdministrative": "2482000000",
            "researchAndDevelopment": "1264000000",
            "operatingExpenses": "4446000000",
            "investmentIncomeNet": "57000000",
            "netInterestIncome": "-209000000",
            "interestIncome": "None",
            "interestExpense": "209000000",
            "nonInterestIncome": "-12000000",
            "otherNonOperatingIncome": "9000000",
            "depreciation": "146000000",
            "depreciationAndAmortization": "596000000",
            "incomeBeforeTax": "4826000000",
            "incomeTaxExpense": "1020000000",
            "interestAndDebtExpense": "209000000",
            "netIncomeFromContinuingOperations": "1323000000",
            "comprehensiveIncomeNetOfTax": "3504000000",
            "ebit": "5035000000",
            "ebitda": "5631000000",
            "netIncome": "3806000000"
        },
        {
            "fiscalDateEnding": "2013-02-28",
            "reportedCurrency": "USD",
            "grossProfit": "5382000000",
            "totalRevenue": "8958000000",
            "costOfRevenue": "3576000000",
            "costofGoodsAndServicesSold": "854000000",
            "operatingIncome": "3334000000",
            "sellingGeneralAndAdministrative": "2062000000",
            "researchAndDevelopment": "1186000000",
            "operatingExpenses": "4113000000",
            "investmentIncomeNet": "62000000",
            "netInterestIncome": "-205000000",
            "interestIncome": "None",
            "interestExpense": "205000000",
            "nonInterestIncome": "-87000000",
            "otherNonOperatingIncome": "15000000",
            "depreciation": "139000000",
            "depreciationAndAmortization": "586000000",
            "incomeBeforeTax": "3090000000",
            "incomeTaxExpense": "586000000",
            "interestAndDebtExpense": "205000000",
            "netIncomeFromContinuingOperations": "3266000000",
            "comprehensiveIncomeNetOfTax": "2436000000",
            "ebit": "3295000000",
            "ebitda": "3881000000",
            "netIncome": "2504000000"
        },
        {
            "fiscalDateEnding": "2012-11-30",
            "reportedCurrency": "USD",
            "grossProfit": "5534000000",
            "totalRevenue": "9094000000",
            "costOfRevenue": "3560000000",
            "costofGoodsAndServicesSold": "930000000",
            "operatingIncome": "3471000000",
            "sellingGeneralAndAdministrative": "2036000000",
            "researchAndDevelopment": "1199000000",
            "operatingExpenses": "4024000000",
            "investmentIncomeNet": "61000000",
            "netInterestIncome": "-195000000",
            "interestIncome": "None",
            "interestExpense": "195000000",
            "nonInterestIncome": "-37000000",
            "otherNonOperatingIncome": "11000000",
            "depreciation": "134000000",
            "depreciationAndAmortization": "584000000",
            "incomeBeforeTax": "3280000000",
            "incomeTaxExpense": "699000000",
            "interestAndDebtExpense": "195000000",
            "netIncomeFromContinuingOperations": "3444000000",
            "comprehensiveIncomeNetOfTax": "2492000000",
            "ebit": "3475000000",
            "ebitda": "4059000000",
            "netIncome": "2581000000"
        },
        {
            "fiscalDateEnding": "2012-08-31",
            "reportedCurrency": "USD",
            "grossProfit": "4971000000",
            "totalRevenue": "8181000000",
            "costOfRevenue": "3210000000",
            "costofGoodsAndServicesSold": "884000000",
            "operatingIncome": "2879000000",
            "sellingGeneralAndAdministrative": "1820000000",
            "researchAndDevelopment": "1201000000",
            "operatingExpenses": "3715000000",
            "investmentIncomeNet": "57000000",
            "netInterestIncome": "-188000000",
            "interestIncome": "None",
            "interestExpense": "188000000",
            "nonInterestIncome": "-26000000",
            "otherNonOperatingIncome": "13000000",
            "depreciation": "127000000",
            "depreciationAndAmortization": "619000000",
            "incomeBeforeTax": "2702000000",
            "incomeTaxExpense": "668000000",
            "interestAndDebtExpense": "188000000",
            "netIncomeFromContinuingOperations": "2793000000",
            "comprehensiveIncomeNetOfTax": "2233000000",
            "ebit": "2890000000",
            "ebitda": "3509000000",
            "netIncome": "2034000000"
        },
        {
            "fiscalDateEnding": "2012-05-31",
            "reportedCurrency": "USD",
            "grossProfit": "6872000000",
            "totalRevenue": "10916000000",
            "costOfRevenue": "4044000000",
            "costofGoodsAndServicesSold": "955000000",
            "operatingIncome": "4595000000",
            "sellingGeneralAndAdministrative": "2378000000",
            "researchAndDevelopment": "1226000000",
            "operatingExpenses": "4599000000",
            "investmentIncomeNet": "56000000",
            "netInterestIncome": "-192000000",
            "interestIncome": "None",
            "interestExpense": "192000000",
            "nonInterestIncome": "-37000000",
            "otherNonOperatingIncome": "-8000000",
            "depreciation": "136000000",
            "depreciationAndAmortization": "640000000",
            "incomeBeforeTax": "4383000000",
            "incomeTaxExpense": "931000000",
            "interestAndDebtExpense": "192000000",
            "netIncomeFromContinuingOperations": "16529000000",
            "comprehensiveIncomeNetOfTax": "3324000000",
            "ebit": "4575000000",
            "ebitda": "5215000000",
            "netIncome": "3452000000"
        },
        {
            "fiscalDateEnding": "2012-02-29",
            "reportedCurrency": "USD",
            "grossProfit": "5448000000",
            "totalRevenue": "9039000000",
            "costOfRevenue": "3591000000",
            "costofGoodsAndServicesSold": "922000000",
            "operatingIncome": "3317000000",
            "sellingGeneralAndAdministrative": "1961000000",
            "researchAndDevelopment": "1145000000",
            "operatingExpenses": "4004000000",
            "investmentIncomeNet": "60000000",
            "netInterestIncome": "-190000000",
            "interestIncome": "None",
            "interestExpense": "190000000",
            "nonInterestIncome": "-28000000",
            "otherNonOperatingIncome": "24000000",
            "depreciation": "124000000",
            "depreciationAndAmortization": "606000000",
            "incomeBeforeTax": "3148000000",
            "incomeTaxExpense": "650000000",
            "interestAndDebtExpense": "190000000",
            "netIncomeFromContinuingOperations": "2653000000",
            "comprehensiveIncomeNetOfTax": "2622000000",
            "ebit": "3338000000",
            "ebitda": "3944000000",
            "netIncome": "2498000000"
        },
        {
            "fiscalDateEnding": "2011-11-30",
            "reportedCurrency": "USD",
            "grossProfit": "5240000000",
            "totalRevenue": "8792000000",
            "costOfRevenue": "3552000000",
            "costofGoodsAndServicesSold": "929000000",
            "operatingIncome": "3111000000",
            "sellingGeneralAndAdministrative": "1974000000",
            "researchAndDevelopment": "1102000000",
            "operatingExpenses": "3917000000",
            "investmentIncomeNet": "58000000",
            "netInterestIncome": "-192000000",
            "interestIncome": "None",
            "interestExpense": "192000000",
            "nonInterestIncome": "-10000000",
            "otherNonOperatingIncome": "18000000",
            "depreciation": "109000000",
            "depreciationAndAmortization": "592000000",
            "incomeBeforeTax": "2960000000",
            "incomeTaxExpense": "768000000",
            "interestAndDebtExpense": "192000000",
            "netIncomeFromContinuingOperations": "2359000000",
            "comprehensiveIncomeNetOfTax": "1892000000",
            "ebit": "3152000000",
            "ebitda": "3744000000",
            "netIncome": "2192000000"
        },
        {
            "fiscalDateEnding": "2011-08-31",
            "reportedCurrency": "USD",
            "grossProfit": "4785000000",
            "totalRevenue": "8374000000",
            "costOfRevenue": "3589000000",
            "costofGoodsAndServicesSold": "936000000",
            "operatingIncome": "2683000000",
            "sellingGeneralAndAdministrative": "1941000000",
            "researchAndDevelopment": "1050000000",
            "operatingExpenses": "3895000000",
            "investmentIncomeNet": "57000000",
            "netInterestIncome": "-192000000",
            "interestIncome": "None",
            "interestExpense": "192000000",
            "nonInterestIncome": "-29000000",
            "otherNonOperatingIncome": "-20000000",
            "depreciation": "117000000",
            "depreciationAndAmortization": "592000000",
            "incomeBeforeTax": "2471000000",
            "incomeTaxExpense": "631000000",
            "interestAndDebtExpense": "192000000",
            "netIncomeFromContinuingOperations": "2004000000",
            "comprehensiveIncomeNetOfTax": "1890000000",
            "ebit": "2663000000",
            "ebitda": "3255000000",
            "netIncome": "1840000000"
        },
        {
            "fiscalDateEnding": "2011-05-31",
            "reportedCurrency": "USD",
            "grossProfit": "10265000000",
            "totalRevenue": "10775000000",
            "costOfRevenue": "510000000",
            "costofGoodsAndServicesSold": "659000000",
            "operatingIncome": "4359000000",
            "sellingGeneralAndAdministrative": "2353000000",
            "researchAndDevelopment": "1170000000",
            "operatingExpenses": "4606000000",
            "investmentIncomeNet": "45000000",
            "netInterestIncome": "-195000000",
            "interestIncome": "None",
            "interestExpense": "195000000",
            "nonInterestIncome": "-41000000",
            "otherNonOperatingIncome": "26000000",
            "depreciation": "85000000",
            "depreciationAndAmortization": "599000000",
            "incomeBeforeTax": "3630000000",
            "incomeTaxExpense": "961000000",
            "interestAndDebtExpense": "195000000",
            "netIncomeFromContinuingOperations": "3380000000",
            "comprehensiveIncomeNetOfTax": "3269000000",
            "ebit": "4359000000",
            "ebitda": "4424000000",
            "netIncome": "2669000000"
        },
        {
            "fiscalDateEnding": "2011-02-28",
            "reportedCurrency": "USD",
            "grossProfit": "8299000000",
            "totalRevenue": "8764000000",
            "costOfRevenue": "465000000",
            "costofGoodsAndServicesSold": "593000000",
            "operatingIncome": "2987000000",
            "sellingGeneralAndAdministrative": "1904000000",
            "researchAndDevelopment": "1127000000",
            "operatingExpenses": "3969000000",
            "investmentIncomeNet": "44000000",
            "netInterestIncome": "-204000000",
            "interestIncome": "None",
            "interestExpense": "204000000",
            "nonInterestIncome": "-30000000",
            "otherNonOperatingIncome": "28000000",
            "depreciation": "89000000",
            "depreciationAndAmortization": "612000000",
            "incomeBeforeTax": "2977000000",
            "incomeTaxExpense": "683000000",
            "interestAndDebtExpense": "204000000",
            "netIncomeFromContinuingOperations": "2294000000",
            "comprehensiveIncomeNetOfTax": "2216000000",
            "ebit": "2987000000",
            "ebitda": "3793000000",
            "netIncome": "2294000000"
        },
        {
            "fiscalDateEnding": "2010-11-30",
            "reportedCurrency": "USD",
            "grossProfit": "8057000000",
            "totalRevenue": "8582000000",
            "costOfRevenue": "525000000",
            "costofGoodsAndServicesSold": "663000000",
            "operatingIncome": "2770000000",
            "sellingGeneralAndAdministrative": "1686000000",
            "researchAndDevelopment": "1119000000",
            "operatingExpenses": "3749000000",
            "investmentIncomeNet": "39000000",
            "netInterestIncome": "-214000000",
            "interestIncome": "None",
            "interestExpense": "214000000",
            "nonInterestIncome": "33000000",
            "otherNonOperatingIncome": "40000000",
            "depreciation": "95000000",
            "depreciationAndAmortization": "614000000",
            "incomeBeforeTax": "2838000000",
            "incomeTaxExpense": "776000000",
            "interestAndDebtExpense": "214000000",
            "netIncomeFromContinuingOperations": "2062000000",
            "comprehensiveIncomeNetOfTax": "2041000000",
            "ebit": "2770000000",
            "ebitda": "3666000000",
            "netIncome": "2062000000"
        },
        {
            "fiscalDateEnding": "2010-08-31",
            "reportedCurrency": "USD",
            "grossProfit": "6945000000",
            "totalRevenue": "7502000000",
            "costOfRevenue": "557000000",
            "costofGoodsAndServicesSold": "609000000",
            "operatingIncome": "1917000000",
            "sellingGeneralAndAdministrative": "1605000000",
            "researchAndDevelopment": "1103000000",
            "operatingExpenses": "3719000000",
            "investmentIncomeNet": "34000000",
            "netInterestIncome": "-196000000",
            "interestIncome": "34000000",
            "interestExpense": "196000000",
            "nonInterestIncome": "49000000",
            "otherNonOperatingIncome": "17000000",
            "depreciation": "99000000",
            "depreciationAndAmortization": "603000000",
            "incomeBeforeTax": "1965000000",
            "incomeTaxExpense": "443000000",
            "interestAndDebtExpense": "196000000",
            "netIncomeFromContinuingOperations": "1522000000",
            "comprehensiveIncomeNetOfTax": "1504000000",
            "ebit": "1917000000",
            "ebitda": "2764000000",
            "netIncome": "1522000000"
        },
        {
            "fiscalDateEnding": "2010-05-31",
            "reportedCurrency": "USD",
            "grossProfit": "8831000000",
            "totalRevenue": "9505000000",
            "costOfRevenue": "674000000",
            "costofGoodsAndServicesSold": "599000000",
            "operatingIncome": "3300000000",
            "sellingGeneralAndAdministrative": "2037000000",
            "researchAndDevelopment": "1063000000",
            "operatingExpenses": "3762000000",
            "investmentIncomeNet": "31000000",
            "netInterestIncome": "201000000",
            "interestIncome": "402000000",
            "interestExpense": "201000000",
            "nonInterestIncome": "-39000000",
            "otherNonOperatingIncome": "16000000",
            "depreciation": "102000000",
            "depreciationAndAmortization": "604000000",
            "incomeBeforeTax": "2522000000",
            "incomeTaxExpense": "712000000",
            "interestAndDebtExpense": "-201000000",
            "netIncomeFromContinuingOperations": "2564000000",
            "comprehensiveIncomeNetOfTax": "-3802000000",
            "ebit": "3300000000",
            "ebitda": "3327000000",
            "netIncome": "1810000000"
        },
        {
            "fiscalDateEnding": "2010-02-28",
            "reportedCurrency": "USD",
            "grossProfit": "6198000000",
            "totalRevenue": "6404000000",
            "costOfRevenue": "206000000",
            "costofGoodsAndServicesSold": "397000000",
            "operatingIncome": "1843000000",
            "sellingGeneralAndAdministrative": "1477000000",
            "researchAndDevelopment": "823000000",
            "operatingExpenses": "2956000000",
            "investmentIncomeNet": "27000000",
            "netInterestIncome": "186000000",
            "interestIncome": "372000000",
            "interestExpense": "186000000",
            "nonInterestIncome": "-88000000",
            "otherNonOperatingIncome": "10000000",
            "depreciation": "73000000",
            "depreciationAndAmortization": "502000000",
            "incomeBeforeTax": "1768000000",
            "incomeTaxExpense": "393000000",
            "interestAndDebtExpense": "-186000000",
            "netIncomeFromContinuingOperations": "1375000000",
            "comprehensiveIncomeNetOfTax": "974000000",
            "ebit": "1843000000",
            "ebitda": "2456000000",
            "netIncome": "1375000000"
        },
        {
            "fiscalDateEnding": "2009-11-30",
            "reportedCurrency": "USD",
            "grossProfit": "5858000000",
            "totalRevenue": "5858000000",
            "costOfRevenue": "0",
            "costofGoodsAndServicesSold": "1096000000",
            "operatingIncome": "2178000000",
            "sellingGeneralAndAdministrative": "1316000000",
            "researchAndDevelopment": "708000000",
            "operatingExpenses": "2396000000",
            "investmentIncomeNet": "30000000",
            "netInterestIncome": "188000000",
            "interestIncome": "376000000",
            "interestExpense": "188000000",
            "nonInterestIncome": "-2000000",
            "otherNonOperatingIncome": "21000000",
            "depreciation": "62000000",
            "depreciationAndAmortization": "436000000",
            "incomeBeforeTax": "2211000000",
            "incomeTaxExpense": "565000000",
            "interestAndDebtExpense": "-188000000",
            "netIncomeFromContinuingOperations": "1646000000",
            "comprehensiveIncomeNetOfTax": "1658000000",
            "ebit": "2178000000",
            "ebitda": "2835000000",
            "netIncome": "1646000000"
        },
        {
            "fiscalDateEnding": "2009-08-31",
            "reportedCurrency": "USD",
            "grossProfit": "5054000000",
            "totalRevenue": "5054000000",
            "costOfRevenue": "0",
            "costofGoodsAndServicesSold": "1008000000",
            "operatingIncome": "1740000000",
            "sellingGeneralAndAdministrative": "1161000000",
            "researchAndDevelopment": "660000000",
            "operatingExpenses": "2127000000",
            "investmentIncomeNet": "None",
            "netInterestIncome": "179000000",
            "interestIncome": "35000000",
            "interestExpense": "179000000",
            "nonInterestIncome": "None",
            "otherNonOperatingIncome": "9000000",
            "depreciation": "61000000",
            "depreciationAndAmortization": "431000000",
            "incomeBeforeTax": "1741000000",
            "incomeTaxExpense": "438000000",
            "interestAndDebtExpense": "-179000000",
            "netIncomeFromContinuingOperations": "1303000000",
            "comprehensiveIncomeNetOfTax": "1169000000",
            "ebit": "1740000000",
            "ebitda": "2351000000",
            "netIncome": "1303000000"
        }
    ]
}