{
    "symbol": "X",
    "annualReports": [
        {
            "fiscalDateEnding": "2023-12-31",
            "reportedCurrency": "USD",
            "grossProfit": "1542000000",
            "totalRevenue": "18053000000",
            "costOfRevenue": "16511000000",
            "costofGoodsAndServicesSold": "15803000000",
            "operatingIncome": "799000000",
            "sellingGeneralAndAdministrative": "501000000",
            "researchAndDevelopment": "None",
            "operatingExpenses": "702000000",
            "investmentIncomeNet": "141000000",
            "netInterestIncome": "-72000000",
            "interestIncome": "141000000",
            "interestExpense": "72000000",
            "nonInterestIncome": "11000000",
            "otherNonOperatingIncome": "-18000000",
            "depreciation": "None",
            "depreciationAndAmortization": "42000000",
            "incomeBeforeTax": "1047000000",
            "incomeTaxExpense": "152000000",
            "interestAndDebtExpense": "72000000",
            "netIncomeFromContinuingOperations": "895000000",
            "comprehensiveIncomeNetOfTax": "1026000000",
            "ebit": "1119000000",
            "ebitda": "1161000000",
            "netIncome": "895000000"
        },
        {
            "fiscalDateEnding": "2022-12-31",
            "reportedCurrency": "USD",
            "grossProfit": "3613000000",
            "totalRevenue": "21065000000",
            "costOfRevenue": "17452000000",
            "costofGoodsAndServicesSold": "16777000000",
            "operatingIncome": "3160000000",
            "sellingGeneralAndAdministrative": "422000000",
            "researchAndDevelopment": "None",
            "operatingExpenses": "663000000",
            "investmentIncomeNet": "44000000",
            "netInterestIncome": "-159000000",
            "interestIncome": "135000000",
            "interestExpense": "159000000",
            "nonInterestIncome": "19124000000",
            "otherNonOperatingIncome": "-32000000",
            "depreciation": "None",
            "depreciationAndAmortization": "42000000",
            "incomeBeforeTax": "3259000000",
            "incomeTaxExpense": "735000000",
            "interestAndDebtExpense": "159000000",
            "netIncomeFromContinuingOperations": "2524000000",
            "comprehensiveIncomeNetOfTax": "2108000000",
            "ebit": "3418000000",
            "ebitda": "3460000000",
            "netIncome": "2524000000"
        },
        {
            "fiscalDateEnding": "2021-12-31",
            "reportedCurrency": "USD",
            "grossProfit": "4889000000",
            "totalRevenue": "20275000000",
            "costOfRevenue": "15386000000",
            "costofGoodsAndServicesSold": "14533000000",
            "operatingIncome": "4946000000",
            "sellingGeneralAndAdministrative": "426000000",
            "researchAndDevelopment": "None",
            "operatingExpenses": "340000000",
            "investmentIncomeNet": "4000000",
            "netInterestIncome": "-313000000",
            "interestIncome": "602000000",
            "interestExpense": "313000000",
            "nonInterestIncome": "19168000000",
            "otherNonOperatingIncome": "-46000000",
            "depreciation": "None",
            "depreciationAndAmortization": "26000000",
            "incomeBeforeTax": "4344000000",
            "incomeTaxExpense": "170000000",
            "interestAndDebtExpense": "605000000",
            "netIncomeFromContinuingOperations": "4174000000",
            "comprehensiveIncomeNetOfTax": "4552000000",
            "ebit": "4657000000",
            "ebitda": "4683000000",
            "netIncome": "4174000000"
        },
        {
            "fiscalDateEnding": "2020-12-31",
            "reportedCurrency": "USD",
            "grossProfit": "-500000000",
            "totalRevenue": "9741000000",
            "costOfRevenue": "10241000000",
            "costofGoodsAndServicesSold": "9555000000",
            "operatingIncome": "-1075000000",
            "sellingGeneralAndAdministrative": "277000000",
            "researchAndDevelopment": "None",
            "operatingExpenses": "540000000",
            "investmentIncomeNet": "7000000",
            "netInterestIncome": "-280000000",
            "interestIncome": "232000000",
            "interestExpense": "280000000",
            "nonInterestIncome": "8929000000",
            "otherNonOperatingIncome": "16000000",
            "depreciation": "None",
            "depreciationAndAmortization": "8000000",
            "incomeBeforeTax": "-1307000000",
            "incomeTaxExpense": "-142000000",
            "interestAndDebtExpense": "280000000",
            "netIncomeFromContinuingOperations": "-1165000000",
            "comprehensiveIncomeNetOfTax": "-734000000",
            "ebit": "-1027000000",
            "ebitda": "-1019000000",
            "netIncome": "-1165000000"
        },
        {
            "fiscalDateEnding": "2019-12-31",
            "reportedCurrency": "USD",
            "grossProfit": "-1148000000",
            "totalRevenue": "12937000000",
            "costOfRevenue": "12654000000",
            "costofGoodsAndServicesSold": "12082000000",
            "operatingIncome": "-230000000",
            "sellingGeneralAndAdministrative": "289000000",
            "researchAndDevelopment": "None",
            "operatingExpenses": "571000000",
            "investmentIncomeNet": "17000000",
            "netInterestIncome": "-142000000",
            "interestIncome": "17000000",
            "interestExpense": "142000000",
            "nonInterestIncome": "12955000000",
            "otherNonOperatingIncome": "-6000000",
            "depreciation": "None",
            "depreciationAndAmortization": "8000000",
            "incomeBeforeTax": "-452000000",
            "incomeTaxExpense": "178000000",
            "interestAndDebtExpense": "142000000",
            "netIncomeFromContinuingOperations": "-630000000",
            "comprehensiveIncomeNetOfTax": "-82000000",
            "ebit": "-310000000",
            "ebitda": "-302000000",
            "netIncome": "-630000000"
        },
        {
            "fiscalDateEnding": "2018-12-31",
            "reportedCurrency": "USD",
            "grossProfit": "109000000",
            "totalRevenue": "14178000000",
            "costOfRevenue": "12649000000",
            "costofGoodsAndServicesSold": "12305000000",
            "operatingIncome": "1124000000",
            "sellingGeneralAndAdministrative": "336000000",
            "researchAndDevelopment": "None",
            "operatingExpenses": "342000000",
            "investmentIncomeNet": "23000000",
            "netInterestIncome": "-168000000",
            "interestIncome": "23000000",
            "interestExpense": "168000000",
            "nonInterestIncome": "14105000000",
            "otherNonOperatingIncome": "0",
            "depreciation": "None",
            "depreciationAndAmortization": "8000000",
            "incomeBeforeTax": "812000000",
            "incomeTaxExpense": "-303000000",
            "interestAndDebtExpense": "266000000",
            "netIncomeFromContinuingOperations": "1115000000",
            "comprehensiveIncomeNetOfTax": "934000000",
            "ebit": "980000000",
            "ebitda": "988000000",
            "netIncome": "1115000000"
        },
        {
            "fiscalDateEnding": "2017-12-31",
            "reportedCurrency": "USD",
            "grossProfit": "969000000",
            "totalRevenue": "11046000000",
            "costOfRevenue": "11281000000",
            "costofGoodsAndServicesSold": "10858000000",
            "operatingIncome": "669000000",
            "sellingGeneralAndAdministrative": "320000000",
            "researchAndDevelopment": "None",
            "operatingExpenses": "411000000",
            "investmentIncomeNet": "17000000",
            "netInterestIncome": "-226000000",
            "interestIncome": "17000000",
            "interestExpense": "226000000",
            "nonInterestIncome": "-72000000",
            "otherNonOperatingIncome": "-44000000",
            "depreciation": "None",
            "depreciationAndAmortization": "9000000",
            "incomeBeforeTax": "301000000",
            "incomeTaxExpense": "-86000000",
            "interestAndDebtExpense": "226000000",
            "netIncomeFromContinuingOperations": "387000000",
            "comprehensiveIncomeNetOfTax": "1039000000",
            "ebit": "527000000",
            "ebitda": "536000000",
            "netIncome": "387000000"
        },
        {
            "fiscalDateEnding": "2016-12-31",
            "reportedCurrency": "USD",
            "grossProfit": "225000000",
            "totalRevenue": "9045000000",
            "costOfRevenue": "10036000000",
            "costofGoodsAndServicesSold": "9608000000",
            "operatingIncome": "-201000000",
            "sellingGeneralAndAdministrative": "306000000",
            "researchAndDevelopment": "None",
            "operatingExpenses": "418000000",
            "investmentIncomeNet": "5000000",
            "netInterestIncome": "-230000000",
            "interestIncome": "5000000",
            "interestExpense": "230000000",
            "nonInterestIncome": "-13000000",
            "otherNonOperatingIncome": "-4000000",
            "depreciation": "None",
            "depreciationAndAmortization": "8000000",
            "incomeBeforeTax": "-416000000",
            "incomeTaxExpense": "24000000",
            "interestAndDebtExpense": "230000000",
            "netIncomeFromContinuingOperations": "-440000000",
            "comprehensiveIncomeNetOfTax": "-768000000",
            "ebit": "-186000000",
            "ebitda": "-178000000",
            "netIncome": "-440000000"
        },
        {
            "fiscalDateEnding": "2015-12-31",
            "reportedCurrency": "USD",
            "grossProfit": "-334000000",
            "totalRevenue": "11574000000",
            "costOfRevenue": "11908000000",
            "costofGoodsAndServicesSold": "11141000000",
            "operatingIncome": "-1202000000",
            "sellingGeneralAndAdministrative": "415000000",
            "researchAndDevelopment": "None",
            "operatingExpenses": "745000000",
            "investmentIncomeNet": "3000000",
            "netInterestIncome": "-214000000",
            "interestIncome": "187000000",
            "interestExpense": "214000000",
            "nonInterestIncome": "-19000000",
            "otherNonOperatingIncome": "-10000000",
            "depreciation": "None",
            "depreciationAndAmortization": "7000000",
            "incomeBeforeTax": "-1459000000",
            "incomeTaxExpense": "183000000",
            "interestAndDebtExpense": "250000000",
            "netIncomeFromContinuingOperations": "-1642000000",
            "comprehensiveIncomeNetOfTax": "-1370000000",
            "ebit": "-1245000000",
            "ebitda": "-1238000000",
            "netIncome": "-1642000000"
        },
        {
            "fiscalDateEnding": "2014-12-31",
            "reportedCurrency": "USD",
            "grossProfit": "1264000000",
            "totalRevenue": "17507000000",
            "costOfRevenue": "16243000000",
            "costofGoodsAndServicesSold": "15455000000",
            "operatingIncome": "413000000",
            "sellingGeneralAndAdministrative": "523000000",
            "researchAndDevelopment": "None",
            "operatingExpenses": "748000000",
            "investmentIncomeNet": "12000000",
            "netInterestIncome": "-234000000",
            "interestIncome": "None",
            "interestExpense": "234000000",
            "nonInterestIncome": "41000000",
            "otherNonOperatingIncome": "-21000000",
            "depreciation": "None",
            "depreciationAndAmortization": "10000000",
            "incomeBeforeTax": "170000000",
            "incomeTaxExpense": "68000000",
            "interestAndDebtExpense": "234000000",
            "netIncomeFromContinuingOperations": "102000000",
            "comprehensiveIncomeNetOfTax": "413000000",
            "ebit": "404000000",
            "ebitda": "414000000",
            "netIncome": "102000000"
        },
        {
            "fiscalDateEnding": "2013-12-31",
            "reportedCurrency": "USD",
            "grossProfit": "-1359000000",
            "totalRevenue": "17424000000",
            "costOfRevenue": "18783000000",
            "costofGoodsAndServicesSold": "16016000000",
            "operatingIncome": "-1900000000",
            "sellingGeneralAndAdministrative": "610000000",
            "researchAndDevelopment": "None",
            "operatingExpenses": "3132000000",
            "investmentIncomeNet": "3000000",
            "netInterestIncome": "-266000000",
            "interestIncome": "None",
            "interestExpense": "266000000",
            "nonInterestIncome": "-11000000",
            "otherNonOperatingIncome": "-69000000",
            "depreciation": "None",
            "depreciationAndAmortization": "30000000",
            "incomeBeforeTax": "-2232000000",
            "incomeTaxExpense": "-587000000",
            "interestAndDebtExpense": "266000000",
            "netIncomeFromContinuingOperations": "-1672000000",
            "comprehensiveIncomeNetOfTax": "-129000000",
            "ebit": "-1966000000",
            "ebitda": "-1936000000",
            "netIncome": "-1645000000"
        },
        {
            "fiscalDateEnding": "2012-12-31",
            "reportedCurrency": "USD",
            "grossProfit": "1032000000",
            "totalRevenue": "19328000000",
            "costOfRevenue": "18296000000",
            "costofGoodsAndServicesSold": "17630000000",
            "operatingIncome": "247000000",
            "sellingGeneralAndAdministrative": "654000000",
            "researchAndDevelopment": "None",
            "operatingExpenses": "1314000000",
            "investmentIncomeNet": "7000000",
            "netInterestIncome": "-214000000",
            "interestIncome": "None",
            "interestExpense": "214000000",
            "nonInterestIncome": "-317000000",
            "otherNonOperatingIncome": "-34000000",
            "depreciation": "None",
            "depreciationAndAmortization": "27000000",
            "incomeBeforeTax": "7000000",
            "incomeTaxExpense": "131000000",
            "interestAndDebtExpense": "214000000",
            "netIncomeFromContinuingOperations": "-125000000",
            "comprehensiveIncomeNetOfTax": "-25000000",
            "ebit": "221000000",
            "ebitda": "248000000",
            "netIncome": "-124000000"
        },
        {
            "fiscalDateEnding": "2011-12-31",
            "reportedCurrency": "USD",
            "grossProfit": "791000000",
            "totalRevenue": "19884000000",
            "costOfRevenue": "19093000000",
            "costofGoodsAndServicesSold": "18326000000",
            "operatingIncome": "265000000",
            "sellingGeneralAndAdministrative": "733000000",
            "researchAndDevelopment": "None",
            "operatingExpenses": "1074000000",
            "investmentIncomeNet": "6000000",
            "netInterestIncome": "-190000000",
            "interestIncome": "None",
            "interestExpense": "190000000",
            "nonInterestIncome": "-2000000",
            "otherNonOperatingIncome": "-54000000",
            "depreciation": "None",
            "depreciationAndAmortization": "16000000",
            "incomeBeforeTax": "27000000",
            "incomeTaxExpense": "80000000",
            "interestAndDebtExpense": "190000000",
            "netIncomeFromContinuingOperations": "-53000000",
            "comprehensiveIncomeNetOfTax": "-352000000",
            "ebit": "217000000",
            "ebitda": "233000000",
            "netIncome": "-53000000"
        },
        {
            "fiscalDateEnding": "2010-12-31",
            "reportedCurrency": "USD",
            "grossProfit": "486000000",
            "totalRevenue": "17374000000",
            "costOfRevenue": "16888000000",
            "costofGoodsAndServicesSold": "16259000000",
            "operatingIncome": "-111000000",
            "sellingGeneralAndAdministrative": "610000000",
            "researchAndDevelopment": "None",
            "operatingExpenses": "951000000",
            "investmentIncomeNet": "7000000",
            "netInterestIncome": "-195000000",
            "interestIncome": "None",
            "interestExpense": "195000000",
            "nonInterestIncome": "6000000",
            "otherNonOperatingIncome": "-86000000",
            "depreciation": "None",
            "depreciationAndAmortization": "15000000",
            "incomeBeforeTax": "-385000000",
            "incomeTaxExpense": "97000000",
            "interestAndDebtExpense": "195000000",
            "netIncomeFromContinuingOperations": "-181000000",
            "comprehensiveIncomeNetOfTax": "-822000000",
            "ebit": "-190000000",
            "ebitda": "-175000000",
            "netIncome": "-482000000"
        },
        {
            "fiscalDateEnding": "2009-12-31",
            "reportedCurrency": "USD",
            "grossProfit": "-1167000000",
            "totalRevenue": "11048000000",
            "costOfRevenue": "12215000000",
            "costofGoodsAndServicesSold": "11597000000",
            "operatingIncome": "-1684000000",
            "sellingGeneralAndAdministrative": "618000000",
            "researchAndDevelopment": "None",
            "operatingExpenses": "458000000",
            "investmentIncomeNet": "10000000",
            "netInterestIncome": "-159000000",
            "interestIncome": "None",
            "interestExpense": "159000000",
            "nonInterestIncome": "97000000",
            "otherNonOperatingIncome": "-12000000",
            "depreciation": "None",
            "depreciationAndAmortization": "13000000",
            "incomeBeforeTax": "-1840000000",
            "incomeTaxExpense": "-439000000",
            "interestAndDebtExpense": "159000000",
            "netIncomeFromContinuingOperations": "-1264000000",
            "comprehensiveIncomeNetOfTax": "-1618000000",
            "ebit": "-1681000000",
            "ebitda": "-1668000000",
            "netIncome": "-1401000000"
        }
    ],
    "quarterlyReports": [
        {
            "fiscalDateEnding": "2024-09-30",
            "reportedCurrency": "USD",
            "grossProfit": "296000000",
            "totalRevenue": "3853000000",
            "costOfRevenue": "3557000000",
            "costofGoodsAndServicesSold": "3448000000",
            "operatingIncome": "48000000",
            "sellingGeneralAndAdministrative": "104000000",
            "researchAndDevelopment": "None",
            "operatingExpenses": "109000000",
            "investmentIncomeNet": "23000000",
            "netInterestIncome": "19000000",
            "interestIncome": "23000000",
            "interestExpense": "5000000",
            "nonInterestIncome": "0",
            "otherNonOperatingIncome": "1000000",
            "depreciation": "None",
            "depreciationAndAmortization": "5000000",
            "incomeBeforeTax": "109000000",
            "incomeTaxExpense": "-10000000",
            "interestAndDebtExpense": "0",
            "netIncomeFromContinuingOperations": "119000000",
            "comprehensiveIncomeNetOfTax": "191000000",
            "ebit": "114000000",
            "ebitda": "119000000",
            "netIncome": "119000000"
        },
        {
            "fiscalDateEnding": "2024-06-30",
            "reportedCurrency": "USD",
            "grossProfit": "372000000",
            "totalRevenue": "4118000000",
            "costOfRevenue": "3746000000",
            "costofGoodsAndServicesSold": "3629000000",
            "operatingIncome": "181000000",
            "sellingGeneralAndAdministrative": "105000000",
            "researchAndDevelopment": "None",
            "operatingExpenses": "117000000",
            "investmentIncomeNet": "25000000",
            "netInterestIncome": "18000000",
            "interestIncome": "25000000",
            "interestExpense": "2000000",
            "nonInterestIncome": "-1000000",
            "otherNonOperatingIncome": "-5000000",
            "depreciation": "None",
            "depreciationAndAmortization": "5000000",
            "incomeBeforeTax": "239000000",
            "incomeTaxExpense": "56000000",
            "interestAndDebtExpense": "1000000",
            "netIncomeFromContinuingOperations": "183000000",
            "comprehensiveIncomeNetOfTax": "192000000",
            "ebit": "241000000",
            "ebitda": "246000000",
            "netIncome": "183000000"
        },
        {
            "fiscalDateEnding": "2024-03-31",
            "reportedCurrency": "USD",
            "grossProfit": "358000000",
            "totalRevenue": "4160000000",
            "costOfRevenue": "3802000000",
            "costofGoodsAndServicesSold": "3665000000",
            "operatingIncome": "154000000",
            "sellingGeneralAndAdministrative": "119000000",
            "researchAndDevelopment": "None",
            "operatingExpenses": "137000000",
            "investmentIncomeNet": "32000000",
            "netInterestIncome": "-2000000",
            "interestIncome": "32000000",
            "interestExpense": "2000000",
            "nonInterestIncome": "-1000000",
            "otherNonOperatingIncome": "-11000000",
            "depreciation": "None",
            "depreciationAndAmortization": "5000000",
            "incomeBeforeTax": "209000000",
            "incomeTaxExpense": "38000000",
            "interestAndDebtExpense": "3000000",
            "netIncomeFromContinuingOperations": "171000000",
            "comprehensiveIncomeNetOfTax": "171000000",
            "ebit": "211000000",
            "ebitda": "216000000",
            "netIncome": "171000000"
        },
        {
            "fiscalDateEnding": "2023-12-31",
            "reportedCurrency": "USD",
            "grossProfit": "-39000000",
            "totalRevenue": "4144000000",
            "costOfRevenue": "4183000000",
            "costofGoodsAndServicesSold": "3851000000",
            "operatingIncome": "-231000000",
            "sellingGeneralAndAdministrative": "181000000",
            "researchAndDevelopment": "None",
            "operatingExpenses": "328000000",
            "investmentIncomeNet": "38000000",
            "netInterestIncome": "-9000000",
            "interestIncome": "38000000",
            "interestExpense": "9000000",
            "nonInterestIncome": "9000000",
            "otherNonOperatingIncome": "1000000",
            "depreciation": "None",
            "depreciationAndAmortization": "11000000",
            "incomeBeforeTax": "-165000000",
            "incomeTaxExpense": "-85000000",
            "interestAndDebtExpense": "9000000",
            "netIncomeFromContinuingOperations": "-80000000",
            "comprehensiveIncomeNetOfTax": "51000000",
            "ebit": "-156000000",
            "ebitda": "-145000000",
            "netIncome": "-80000000"
        },
        {
            "fiscalDateEnding": "2023-09-30",
            "reportedCurrency": "USD",
            "grossProfit": "457000000",
            "totalRevenue": "4431000000",
            "costOfRevenue": "3974000000",
            "costofGoodsAndServicesSold": "3838000000",
            "operatingIncome": "277000000",
            "sellingGeneralAndAdministrative": "118000000",
            "researchAndDevelopment": "None",
            "operatingExpenses": "136000000",
            "investmentIncomeNet": "39000000",
            "netInterestIncome": "-16000000",
            "interestIncome": "64000000",
            "interestExpense": "16000000",
            "nonInterestIncome": "0",
            "otherNonOperatingIncome": "-7000000",
            "depreciation": "None",
            "depreciationAndAmortization": "10000000",
            "incomeBeforeTax": "341000000",
            "incomeTaxExpense": "42000000",
            "interestAndDebtExpense": "16000000",
            "netIncomeFromContinuingOperations": "299000000",
            "comprehensiveIncomeNetOfTax": "299000000",
            "ebit": "357000000",
            "ebitda": "367000000",
            "netIncome": "299000000"
        },
        {
            "fiscalDateEnding": "2023-06-30",
            "reportedCurrency": "USD",
            "grossProfit": "742000000",
            "totalRevenue": "5008000000",
            "costOfRevenue": "4266000000",
            "costofGoodsAndServicesSold": "4161000000",
            "operatingIncome": "564000000",
            "sellingGeneralAndAdministrative": "103000000",
            "researchAndDevelopment": "None",
            "operatingExpenses": "105000000",
            "investmentIncomeNet": "34000000",
            "netInterestIncome": "-20000000",
            "interestIncome": "22000000",
            "interestExpense": "20000000",
            "nonInterestIncome": "0",
            "otherNonOperatingIncome": "-6000000",
            "depreciation": "None",
            "depreciationAndAmortization": "10000000",
            "incomeBeforeTax": "621000000",
            "incomeTaxExpense": "144000000",
            "interestAndDebtExpense": "20000000",
            "netIncomeFromContinuingOperations": "477000000",
            "comprehensiveIncomeNetOfTax": "496000000",
            "ebit": "641000000",
            "ebitda": "651000000",
            "netIncome": "477000000"
        },
        {
            "fiscalDateEnding": "2023-03-31",
            "reportedCurrency": "USD",
            "grossProfit": "402000000",
            "totalRevenue": "4470000000",
            "costOfRevenue": "4068000000",
            "costofGoodsAndServicesSold": "3953000000",
            "operatingIncome": "189000000",
            "sellingGeneralAndAdministrative": "99000000",
            "researchAndDevelopment": "None",
            "operatingExpenses": "113000000",
            "investmentIncomeNet": "30000000",
            "netInterestIncome": "-27000000",
            "interestIncome": "25000000",
            "interestExpense": "27000000",
            "nonInterestIncome": "2000000",
            "otherNonOperatingIncome": "-6000000",
            "depreciation": "None",
            "depreciationAndAmortization": "11000000",
            "incomeBeforeTax": "250000000",
            "incomeTaxExpense": "51000000",
            "interestAndDebtExpense": "27000000",
            "netIncomeFromContinuingOperations": "199000000",
            "comprehensiveIncomeNetOfTax": "180000000",
            "ebit": "277000000",
            "ebitda": "288000000",
            "netIncome": "199000000"
        },
        {
            "fiscalDateEnding": "2022-12-31",
            "reportedCurrency": "USD",
            "grossProfit": "267000000",
            "totalRevenue": "4338000000",
            "costOfRevenue": "4071000000",
            "costofGoodsAndServicesSold": "3934000000",
            "operatingIncome": "174000000",
            "sellingGeneralAndAdministrative": "98000000",
            "researchAndDevelopment": "None",
            "operatingExpenses": "135000000",
            "investmentIncomeNet": "24000000",
            "netInterestIncome": "-32000000",
            "interestIncome": "8000000",
            "interestExpense": "32000000",
            "nonInterestIncome": "3810000000",
            "otherNonOperatingIncome": "-5000000",
            "depreciation": "None",
            "depreciationAndAmortization": "11000000",
            "incomeBeforeTax": "225000000",
            "incomeTaxExpense": "51000000",
            "interestAndDebtExpense": "32000000",
            "netIncomeFromContinuingOperations": "174000000",
            "comprehensiveIncomeNetOfTax": "-74000000",
            "ebit": "257000000",
            "ebitda": "268000000",
            "netIncome": "174000000"
        },
        {
            "fiscalDateEnding": "2022-09-30",
            "reportedCurrency": "USD",
            "grossProfit": "726000000",
            "totalRevenue": "5203000000",
            "costOfRevenue": "4477000000",
            "costofGoodsAndServicesSold": "4359000000",
            "operatingIncome": "614000000",
            "sellingGeneralAndAdministrative": "95000000",
            "researchAndDevelopment": "None",
            "operatingExpenses": "112000000",
            "investmentIncomeNet": "15000000",
            "netInterestIncome": "-38000000",
            "interestIncome": "30000000",
            "interestExpense": "38000000",
            "nonInterestIncome": "4675000000",
            "otherNonOperatingIncome": "-7000000",
            "depreciation": "None",
            "depreciationAndAmortization": "9000000",
            "incomeBeforeTax": "644000000",
            "incomeTaxExpense": "154000000",
            "interestAndDebtExpense": "36000000",
            "netIncomeFromContinuingOperations": "490000000",
            "comprehensiveIncomeNetOfTax": "416000000",
            "ebit": "682000000",
            "ebitda": "691000000",
            "netIncome": "490000000"
        },
        {
            "fiscalDateEnding": "2022-06-30",
            "reportedCurrency": "USD",
            "grossProfit": "1349000000",
            "totalRevenue": "6290000000",
            "costOfRevenue": "4941000000",
            "costofGoodsAndServicesSold": "4661000000",
            "operatingIncome": "1254000000",
            "sellingGeneralAndAdministrative": "112000000",
            "researchAndDevelopment": "None",
            "operatingExpenses": "278000000",
            "investmentIncomeNet": "4000000",
            "netInterestIncome": "-39000000",
            "interestIncome": "4000000",
            "interestExpense": "39000000",
            "nonInterestIncome": "5794000000",
            "otherNonOperatingIncome": "-18000000",
            "depreciation": "None",
            "depreciationAndAmortization": "12000000",
            "incomeBeforeTax": "1262000000",
            "incomeTaxExpense": "284000000",
            "interestAndDebtExpense": "41000000",
            "netIncomeFromContinuingOperations": "978000000",
            "comprehensiveIncomeNetOfTax": "893000000",
            "ebit": "1301000000",
            "ebitda": "1313000000",
            "netIncome": "978000000"
        },
        {
            "fiscalDateEnding": "2022-03-31",
            "reportedCurrency": "USD",
            "grossProfit": "1277000000",
            "totalRevenue": "5234000000",
            "costOfRevenue": "3957000000",
            "costofGoodsAndServicesSold": "3823000000",
            "operatingIncome": "1118000000",
            "sellingGeneralAndAdministrative": "117000000",
            "researchAndDevelopment": "None",
            "operatingExpenses": "132000000",
            "investmentIncomeNet": "1000000",
            "netInterestIncome": "-50000000",
            "interestIncome": "1000000",
            "interestExpense": "50000000",
            "nonInterestIncome": "4845000000",
            "otherNonOperatingIncome": "-2000000",
            "depreciation": "None",
            "depreciationAndAmortization": "10000000",
            "incomeBeforeTax": "1128000000",
            "incomeTaxExpense": "246000000",
            "interestAndDebtExpense": "50000000",
            "netIncomeFromContinuingOperations": "882000000",
            "comprehensiveIncomeNetOfTax": "873000000",
            "ebit": "1178000000",
            "ebitda": "1188000000",
            "netIncome": "882000000"
        },
        {
            "fiscalDateEnding": "2021-12-31",
            "reportedCurrency": "USD",
            "grossProfit": "-89000000",
            "totalRevenue": "5622000000",
            "costOfRevenue": "89000000",
            "costofGoodsAndServicesSold": "3900000000",
            "operatingIncome": "1145000000",
            "sellingGeneralAndAdministrative": "110000000",
            "researchAndDevelopment": "None",
            "operatingExpenses": "89000000",
            "investmentIncomeNet": "1000000",
            "netInterestIncome": "-62000000",
            "interestIncome": "130000000",
            "interestExpense": "62000000",
            "nonInterestIncome": "5260000000",
            "otherNonOperatingIncome": "-7000000",
            "depreciation": "None",
            "depreciationAndAmortization": "204000000",
            "incomeBeforeTax": "1015000000",
            "incomeTaxExpense": "-54000000",
            "interestAndDebtExpense": "72000000",
            "netIncomeFromContinuingOperations": "-178000000",
            "comprehensiveIncomeNetOfTax": "1244000000",
            "ebit": "1077000000",
            "ebitda": "1959000000",
            "netIncome": "1069000000"
        },
        {
            "fiscalDateEnding": "2021-09-30",
            "reportedCurrency": "USD",
            "grossProfit": "1975000000",
            "totalRevenue": "5964000000",
            "costOfRevenue": "3989000000",
            "costofGoodsAndServicesSold": "3881000000",
            "operatingIncome": "2342000000",
            "sellingGeneralAndAdministrative": "108000000",
            "researchAndDevelopment": "None",
            "operatingExpenses": "-391000000",
            "investmentIncomeNet": "1000000",
            "netInterestIncome": "-75000000",
            "interestIncome": "74000000",
            "interestExpense": "75000000",
            "nonInterestIncome": "6096000000",
            "otherNonOperatingIncome": "-17000000",
            "depreciation": "None",
            "depreciationAndAmortization": "196000000",
            "incomeBeforeTax": "2262000000",
            "incomeTaxExpense": "260000000",
            "interestAndDebtExpense": "101000000",
            "netIncomeFromContinuingOperations": "2002000000",
            "comprehensiveIncomeNetOfTax": "2051000000",
            "ebit": "2337000000",
            "ebitda": "1483000000",
            "netIncome": "2002000000"
        },
        {
            "fiscalDateEnding": "2021-06-30",
            "reportedCurrency": "USD",
            "grossProfit": "1182000000",
            "totalRevenue": "5025000000",
            "costOfRevenue": "3843000000",
            "costofGoodsAndServicesSold": "3678000000",
            "operatingIncome": "1034000000",
            "sellingGeneralAndAdministrative": "106000000",
            "researchAndDevelopment": "None",
            "operatingExpenses": "150000000",
            "investmentIncomeNet": "1000000",
            "netInterestIncome": "-84000000",
            "interestIncome": "1000000",
            "interestExpense": "84000000",
            "nonInterestIncome": "4698000000",
            "otherNonOperatingIncome": "-4000000",
            "depreciation": "None",
            "depreciationAndAmortization": "202000000",
            "incomeBeforeTax": "975000000",
            "incomeTaxExpense": "-37000000",
            "interestAndDebtExpense": "85000000",
            "netIncomeFromContinuingOperations": "1012000000",
            "comprehensiveIncomeNetOfTax": "1209000000",
            "ebit": "1059000000",
            "ebitda": "1289000000",
            "netIncome": "1012000000"
        },
        {
            "fiscalDateEnding": "2021-03-31",
            "reportedCurrency": "USD",
            "grossProfit": "482000000",
            "totalRevenue": "3664000000",
            "costOfRevenue": "3182000000",
            "costofGoodsAndServicesSold": "3074000000",
            "operatingIncome": "425000000",
            "sellingGeneralAndAdministrative": "102000000",
            "researchAndDevelopment": "None",
            "operatingExpenses": "102000000",
            "investmentIncomeNet": "1000000",
            "netInterestIncome": "-92000000",
            "interestIncome": "1000000",
            "interestExpense": "92000000",
            "nonInterestIncome": "3114000000",
            "otherNonOperatingIncome": "-18000000",
            "depreciation": "None",
            "depreciationAndAmortization": "189000000",
            "incomeBeforeTax": "92000000",
            "incomeTaxExpense": "1000000",
            "interestAndDebtExpense": "347000000",
            "netIncomeFromContinuingOperations": "91000000",
            "comprehensiveIncomeNetOfTax": "48000000",
            "ebit": "184000000",
            "ebitda": "501000000",
            "netIncome": "91000000"
        },
        {
            "fiscalDateEnding": "2020-12-31",
            "reportedCurrency": "USD",
            "grossProfit": "87000000",
            "totalRevenue": "2562000000",
            "costOfRevenue": "2475000000",
            "costofGoodsAndServicesSold": "2381000000",
            "operatingIncome": "43000000",
            "sellingGeneralAndAdministrative": "78000000",
            "researchAndDevelopment": "None",
            "operatingExpenses": "-56000000",
            "investmentIncomeNet": "1000000",
            "netInterestIncome": "-82000000",
            "interestIncome": "88000000",
            "interestExpense": "82000000",
            "nonInterestIncome": "2458000000",
            "otherNonOperatingIncome": "-10000000",
            "depreciation": "None",
            "depreciationAndAmortization": "162000000",
            "incomeBeforeTax": "-45000000",
            "incomeTaxExpense": "-94000000",
            "interestAndDebtExpense": "82000000",
            "netIncomeFromContinuingOperations": "49000000",
            "comprehensiveIncomeNetOfTax": "334000000",
            "ebit": "37000000",
            "ebitda": "66000000",
            "netIncome": "49000000"
        },
        {
            "fiscalDateEnding": "2020-09-30",
            "reportedCurrency": "USD",
            "grossProfit": "-20000000",
            "totalRevenue": "2340000000",
            "costOfRevenue": "2360000000",
            "costofGoodsAndServicesSold": "2295000000",
            "operatingIncome": "-211000000",
            "sellingGeneralAndAdministrative": "65000000",
            "researchAndDevelopment": "None",
            "operatingExpenses": "63000000",
            "investmentIncomeNet": "1000000",
            "netInterestIncome": "-84000000",
            "interestIncome": "83000000",
            "interestExpense": "84000000",
            "nonInterestIncome": "2074000000",
            "otherNonOperatingIncome": "30000000",
            "depreciation": "None",
            "depreciationAndAmortization": "162000000",
            "incomeBeforeTax": "-258000000",
            "incomeTaxExpense": "-24000000",
            "interestAndDebtExpense": "84000000",
            "netIncomeFromContinuingOperations": "-234000000",
            "comprehensiveIncomeNetOfTax": "-176000000",
            "ebit": "-174000000",
            "ebitda": "-14000000",
            "netIncome": "-234000000"
        },
        {
            "fiscalDateEnding": "2020-06-30",
            "reportedCurrency": "USD",
            "grossProfit": "-334000000",
            "totalRevenue": "2091000000",
            "costOfRevenue": "2425000000",
            "costofGoodsAndServicesSold": "2274000000",
            "operatingIncome": "-532000000",
            "sellingGeneralAndAdministrative": "62000000",
            "researchAndDevelopment": "None",
            "operatingExpenses": "151000000",
            "investmentIncomeNet": "1000000",
            "netInterestIncome": "-64000000",
            "interestIncome": "1000000",
            "interestExpense": "64000000",
            "nonInterestIncome": "2000000000",
            "otherNonOperatingIncome": "-7000000",
            "depreciation": "None",
            "depreciationAndAmortization": "159000000",
            "incomeBeforeTax": "-594000000",
            "incomeTaxExpense": "-5000000",
            "interestAndDebtExpense": "64000000",
            "netIncomeFromContinuingOperations": "-589000000",
            "comprehensiveIncomeNetOfTax": "-525000000",
            "ebit": "-530000000",
            "ebitda": "-282000000",
            "netIncome": "-589000000"
        },
        {
            "fiscalDateEnding": "2020-03-31",
            "reportedCurrency": "USD",
            "grossProfit": "-236000000",
            "totalRevenue": "2748000000",
            "costOfRevenue": "2984000000",
            "costofGoodsAndServicesSold": "2605000000",
            "operatingIncome": "-375000000",
            "sellingGeneralAndAdministrative": "72000000",
            "researchAndDevelopment": "None",
            "operatingExpenses": "384000000",
            "investmentIncomeNet": "4000000",
            "netInterestIncome": "-50000000",
            "interestIncome": "4000000",
            "interestExpense": "50000000",
            "nonInterestIncome": "2397000000",
            "otherNonOperatingIncome": "3000000",
            "depreciation": "None",
            "depreciationAndAmortization": "3000000",
            "incomeBeforeTax": "-410000000",
            "incomeTaxExpense": "-19000000",
            "interestAndDebtExpense": "50000000",
            "netIncomeFromContinuingOperations": "-391000000",
            "comprehensiveIncomeNetOfTax": "-367000000",
            "ebit": "-360000000",
            "ebitda": "-357000000",
            "netIncome": "-391000000"
        },
        {
            "fiscalDateEnding": "2019-12-31",
            "reportedCurrency": "USD",
            "grossProfit": "-563000000",
            "totalRevenue": "2824000000",
            "costOfRevenue": "3068000000",
            "costofGoodsAndServicesSold": "2781000000",
            "operatingIncome": "-376000000",
            "sellingGeneralAndAdministrative": "66000000",
            "researchAndDevelopment": "None",
            "operatingExpenses": "283000000",
            "investmentIncomeNet": "4000000",
            "netInterestIncome": "-45000000",
            "interestIncome": "4000000",
            "interestExpense": "45000000",
            "nonInterestIncome": "2830000000",
            "otherNonOperatingIncome": "-8000000",
            "depreciation": "None",
            "depreciationAndAmortization": "2000000",
            "incomeBeforeTax": "-447000000",
            "incomeTaxExpense": "221000000",
            "interestAndDebtExpense": "45000000",
            "netIncomeFromContinuingOperations": "-668000000",
            "comprehensiveIncomeNetOfTax": "-171000000",
            "ebit": "-402000000",
            "ebitda": "-400000000",
            "netIncome": "-668000000"
        },
        {
            "fiscalDateEnding": "2019-09-30",
            "reportedCurrency": "USD",
            "grossProfit": "-319000000",
            "totalRevenue": "3069000000",
            "costOfRevenue": "3021000000",
            "costofGoodsAndServicesSold": "2902000000",
            "operatingIncome": "-80000000",
            "sellingGeneralAndAdministrative": "63000000",
            "researchAndDevelopment": "None",
            "operatingExpenses": "118000000",
            "investmentIncomeNet": "3000000",
            "netInterestIncome": "-32000000",
            "interestIncome": "3000000",
            "interestExpense": "32000000",
            "nonInterestIncome": "3078000000",
            "otherNonOperatingIncome": "4000000",
            "depreciation": "None",
            "depreciationAndAmortization": "2000000",
            "incomeBeforeTax": "-128000000",
            "incomeTaxExpense": "-44000000",
            "interestAndDebtExpense": "32000000",
            "netIncomeFromContinuingOperations": "-84000000",
            "comprehensiveIncomeNetOfTax": "-96000000",
            "ebit": "-96000000",
            "ebitda": "-94000000",
            "netIncome": "-84000000"
        },
        {
            "fiscalDateEnding": "2019-06-30",
            "reportedCurrency": "USD",
            "grossProfit": "-136000000",
            "totalRevenue": "3545000000",
            "costOfRevenue": "3311000000",
            "costofGoodsAndServicesSold": "3227000000",
            "operatingIncome": "115000000",
            "sellingGeneralAndAdministrative": "82000000",
            "researchAndDevelopment": "None",
            "operatingExpenses": "84000000",
            "investmentIncomeNet": "5000000",
            "netInterestIncome": "-31000000",
            "interestIncome": "5000000",
            "interestExpense": "31000000",
            "nonInterestIncome": "3544000000",
            "otherNonOperatingIncome": "-5000000",
            "depreciation": "None",
            "depreciationAndAmortization": "2000000",
            "incomeBeforeTax": "61000000",
            "incomeTaxExpense": "-7000000",
            "interestAndDebtExpense": "31000000",
            "netIncomeFromContinuingOperations": "68000000",
            "comprehensiveIncomeNetOfTax": "101000000",
            "ebit": "92000000",
            "ebitda": "94000000",
            "netIncome": "68000000"
        },
        {
            "fiscalDateEnding": "2019-03-31",
            "reportedCurrency": "USD",
            "grossProfit": "-128000000",
            "totalRevenue": "3499000000",
            "costOfRevenue": "3252000000",
            "costofGoodsAndServicesSold": "3172000000",
            "operatingIncome": "111000000",
            "sellingGeneralAndAdministrative": "78000000",
            "researchAndDevelopment": "None",
            "operatingExpenses": "84000000",
            "investmentIncomeNet": "5000000",
            "netInterestIncome": "-34000000",
            "interestIncome": "29000000",
            "interestExpense": "34000000",
            "nonInterestIncome": "3502000000",
            "otherNonOperatingIncome": "3000000",
            "depreciation": "None",
            "depreciationAndAmortization": "2000000",
            "incomeBeforeTax": "62000000",
            "incomeTaxExpense": "8000000",
            "interestAndDebtExpense": "34000000",
            "netIncomeFromContinuingOperations": "54000000",
            "comprehensiveIncomeNetOfTax": "84000000",
            "ebit": "96000000",
            "ebitda": "98000000",
            "netIncome": "54000000"
        },
        {
            "fiscalDateEnding": "2018-12-31",
            "reportedCurrency": "USD",
            "grossProfit": "54000000",
            "totalRevenue": "4763000000",
            "costOfRevenue": "3289000000",
            "costofGoodsAndServicesSold": "3204000000",
            "operatingIncome": "313000000",
            "sellingGeneralAndAdministrative": "85000000",
            "researchAndDevelopment": "None",
            "operatingExpenses": "82000000",
            "investmentIncomeNet": "7000000",
            "netInterestIncome": "-34000000",
            "interestIncome": "None",
            "interestExpense": "34000000",
            "nonInterestIncome": "3703000000",
            "otherNonOperatingIncome": "4000000",
            "depreciation": "None",
            "depreciationAndAmortization": "2000000",
            "incomeBeforeTax": "253000000",
            "incomeTaxExpense": "-339000000",
            "interestAndDebtExpense": "55000000",
            "netIncomeFromContinuingOperations": "592000000",
            "comprehensiveIncomeNetOfTax": "337000000",
            "ebit": "287000000",
            "ebitda": "289000000",
            "netIncome": "592000000"
        },
        {
            "fiscalDateEnding": "2018-09-30",
            "reportedCurrency": "USD",
            "grossProfit": "96000000",
            "totalRevenue": "3351000000",
            "costOfRevenue": "3255000000",
            "costofGoodsAndServicesSold": "3172000000",
            "operatingIncome": "373000000",
            "sellingGeneralAndAdministrative": "81000000",
            "researchAndDevelopment": "None",
            "operatingExpenses": "78000000",
            "investmentIncomeNet": "6000000",
            "netInterestIncome": "-41000000",
            "interestIncome": "None",
            "interestExpense": "41000000",
            "nonInterestIncome": "3728000000",
            "otherNonOperatingIncome": "-2000000",
            "depreciation": "None",
            "depreciationAndAmortization": "2000000",
            "incomeBeforeTax": "314000000",
            "incomeTaxExpense": "23000000",
            "interestAndDebtExpense": "44000000",
            "netIncomeFromContinuingOperations": "291000000",
            "comprehensiveIncomeNetOfTax": "338000000",
            "ebit": "355000000",
            "ebitda": "357000000",
            "netIncome": "291000000"
        },
        {
            "fiscalDateEnding": "2018-06-30",
            "reportedCurrency": "USD",
            "grossProfit": "394000000",
            "totalRevenue": "3242000000",
            "costOfRevenue": "3215000000",
            "costofGoodsAndServicesSold": "3121000000",
            "operatingIncome": "301000000",
            "sellingGeneralAndAdministrative": "92000000",
            "researchAndDevelopment": "None",
            "operatingExpenses": "77000000",
            "investmentIncomeNet": "5000000",
            "netInterestIncome": "-43000000",
            "interestIncome": "None",
            "interestExpense": "43000000",
            "nonInterestIncome": "3586000000",
            "otherNonOperatingIncome": "8000000",
            "depreciation": "None",
            "depreciationAndAmortization": "2000000",
            "incomeBeforeTax": "226000000",
            "incomeTaxExpense": "12000000",
            "interestAndDebtExpense": "71000000",
            "netIncomeFromContinuingOperations": "214000000",
            "comprehensiveIncomeNetOfTax": "171000000",
            "ebit": "269000000",
            "ebitda": "271000000",
            "netIncome": "214000000"
        },
        {
            "fiscalDateEnding": "2018-03-31",
            "reportedCurrency": "USD",
            "grossProfit": "260000000",
            "totalRevenue": "2821000000",
            "costOfRevenue": "2889000000",
            "costofGoodsAndServicesSold": "2808000000",
            "operatingIncome": "137000000",
            "sellingGeneralAndAdministrative": "78000000",
            "researchAndDevelopment": "None",
            "operatingExpenses": "82000000",
            "investmentIncomeNet": "5000000",
            "netInterestIncome": "-50000000",
            "interestIncome": "None",
            "interestExpense": "50000000",
            "nonInterestIncome": "3098000000",
            "otherNonOperatingIncome": "-10000000",
            "depreciation": "None",
            "depreciationAndAmortization": "2000000",
            "incomeBeforeTax": "19000000",
            "incomeTaxExpense": "1000000",
            "interestAndDebtExpense": "96000000",
            "netIncomeFromContinuingOperations": "18000000",
            "comprehensiveIncomeNetOfTax": "88000000",
            "ebit": "69000000",
            "ebitda": "71000000",
            "netIncome": "18000000"
        },
        {
            "fiscalDateEnding": "2017-12-31",
            "reportedCurrency": "USD",
            "grossProfit": "270000000",
            "totalRevenue": "2870000000",
            "costOfRevenue": "2863000000",
            "costofGoodsAndServicesSold": "2748000000",
            "operatingIncome": "162000000",
            "sellingGeneralAndAdministrative": "97000000",
            "researchAndDevelopment": "None",
            "operatingExpenses": "109000000",
            "investmentIncomeNet": "4000000",
            "netInterestIncome": "-53000000",
            "interestIncome": "None",
            "interestExpense": "53000000",
            "nonInterestIncome": "-93000000",
            "otherNonOperatingIncome": "-7000000",
            "depreciation": "None",
            "depreciationAndAmortization": "3000000",
            "incomeBeforeTax": "70000000",
            "incomeTaxExpense": "-89000000",
            "interestAndDebtExpense": "21000000",
            "netIncomeFromContinuingOperations": "159000000",
            "comprehensiveIncomeNetOfTax": "510000000",
            "ebit": "123000000",
            "ebitda": "126000000",
            "netIncome": "159000000"
        },
        {
            "fiscalDateEnding": "2017-09-30",
            "reportedCurrency": "USD",
            "grossProfit": "328000000",
            "totalRevenue": "2976000000",
            "costOfRevenue": "2920000000",
            "costofGoodsAndServicesSold": "2828000000",
            "operatingIncome": "260000000",
            "sellingGeneralAndAdministrative": "75000000",
            "researchAndDevelopment": "None",
            "operatingExpenses": "90000000",
            "investmentIncomeNet": "5000000",
            "netInterestIncome": "-60000000",
            "interestIncome": "None",
            "interestExpense": "60000000",
            "nonInterestIncome": "-36000000",
            "otherNonOperatingIncome": "-12000000",
            "depreciation": "None",
            "depreciationAndAmortization": "2000000",
            "incomeBeforeTax": "147000000",
            "incomeTaxExpense": "0",
            "interestAndDebtExpense": "91000000",
            "netIncomeFromContinuingOperations": "147000000",
            "comprehensiveIncomeNetOfTax": "254000000",
            "ebit": "207000000",
            "ebitda": "209000000",
            "netIncome": "147000000"
        },
        {
            "fiscalDateEnding": "2017-06-30",
            "reportedCurrency": "USD",
            "grossProfit": "338000000",
            "totalRevenue": "3144000000",
            "costOfRevenue": "2806000000",
            "costofGoodsAndServicesSold": "2723000000",
            "operatingIncome": "327000000",
            "sellingGeneralAndAdministrative": "67000000",
            "researchAndDevelopment": "None",
            "operatingExpenses": "81000000",
            "investmentIncomeNet": "4000000",
            "netInterestIncome": "-55000000",
            "interestIncome": "None",
            "interestExpense": "55000000",
            "nonInterestIncome": "60000000",
            "otherNonOperatingIncome": "-16000000",
            "depreciation": "None",
            "depreciationAndAmortization": "2000000",
            "incomeBeforeTax": "245000000",
            "incomeTaxExpense": "-16000000",
            "interestAndDebtExpense": "56000000",
            "netIncomeFromContinuingOperations": "261000000",
            "comprehensiveIncomeNetOfTax": "386000000",
            "ebit": "300000000",
            "ebitda": "302000000",
            "netIncome": "261000000"
        },
        {
            "fiscalDateEnding": "2017-03-31",
            "reportedCurrency": "USD",
            "grossProfit": "27000000",
            "totalRevenue": "2725000000",
            "costOfRevenue": "2698000000",
            "costofGoodsAndServicesSold": "2559000000",
            "operatingIncome": "-80000000",
            "sellingGeneralAndAdministrative": "81000000",
            "researchAndDevelopment": "None",
            "operatingExpenses": "137000000",
            "investmentIncomeNet": "4000000",
            "netInterestIncome": "-58000000",
            "interestIncome": "None",
            "interestExpense": "58000000",
            "nonInterestIncome": "-4000000",
            "otherNonOperatingIncome": "-9000000",
            "depreciation": "None",
            "depreciationAndAmortization": "3000000",
            "incomeBeforeTax": "-161000000",
            "incomeTaxExpense": "19000000",
            "interestAndDebtExpense": "58000000",
            "netIncomeFromContinuingOperations": "-180000000",
            "comprehensiveIncomeNetOfTax": "-111000000",
            "ebit": "-103000000",
            "ebitda": "-100000000",
            "netIncome": "-180000000"
        },
        {
            "fiscalDateEnding": "2016-12-31",
            "reportedCurrency": "USD",
            "grossProfit": "36000000",
            "totalRevenue": "1434000000",
            "costOfRevenue": "2614000000",
            "costofGoodsAndServicesSold": "2415000000",
            "operatingIncome": "-100000000",
            "sellingGeneralAndAdministrative": "100000000",
            "researchAndDevelopment": "None",
            "operatingExpenses": "183000000",
            "investmentIncomeNet": "0",
            "netInterestIncome": "-57000000",
            "interestIncome": "None",
            "interestExpense": "57000000",
            "nonInterestIncome": "17000000",
            "otherNonOperatingIncome": "14000000",
            "depreciation": "None",
            "depreciationAndAmortization": "2000000",
            "incomeBeforeTax": "-107000000",
            "incomeTaxExpense": "-2000000",
            "interestAndDebtExpense": "35000000",
            "netIncomeFromContinuingOperations": "-105000000",
            "comprehensiveIncomeNetOfTax": "-357000000",
            "ebit": "-50000000",
            "ebitda": "-48000000",
            "netIncome": "-105000000"
        },
        {
            "fiscalDateEnding": "2016-09-30",
            "reportedCurrency": "USD",
            "grossProfit": "237000000",
            "totalRevenue": "2686000000",
            "costOfRevenue": "2449000000",
            "costofGoodsAndServicesSold": "2360000000",
            "operatingIncome": "132000000",
            "sellingGeneralAndAdministrative": "73000000",
            "researchAndDevelopment": "None",
            "operatingExpenses": "92000000",
            "investmentIncomeNet": "2000000",
            "netInterestIncome": "-58000000",
            "interestIncome": "None",
            "interestExpense": "58000000",
            "nonInterestIncome": "-4000000",
            "otherNonOperatingIncome": "-6000000",
            "depreciation": "None",
            "depreciationAndAmortization": "2000000",
            "incomeBeforeTax": "70000000",
            "incomeTaxExpense": "19000000",
            "interestAndDebtExpense": "58000000",
            "netIncomeFromContinuingOperations": "51000000",
            "comprehensiveIncomeNetOfTax": "105000000",
            "ebit": "128000000",
            "ebitda": "130000000",
            "netIncome": "51000000"
        },
        {
            "fiscalDateEnding": "2016-06-30",
            "reportedCurrency": "USD",
            "grossProfit": "121000000",
            "totalRevenue": "2584000000",
            "costOfRevenue": "2463000000",
            "costofGoodsAndServicesSold": "2397000000",
            "operatingIncome": "28000000",
            "sellingGeneralAndAdministrative": "64000000",
            "researchAndDevelopment": "None",
            "operatingExpenses": "66000000",
            "investmentIncomeNet": "2000000",
            "netInterestIncome": "-60000000",
            "interestIncome": "None",
            "interestExpense": "60000000",
            "nonInterestIncome": "-18000000",
            "otherNonOperatingIncome": "1000000",
            "depreciation": "None",
            "depreciationAndAmortization": "2000000",
            "incomeBeforeTax": "-53000000",
            "incomeTaxExpense": "-7000000",
            "interestAndDebtExpense": "84000000",
            "netIncomeFromContinuingOperations": "-46000000",
            "comprehensiveIncomeNetOfTax": "-24000000",
            "ebit": "7000000",
            "ebitda": "9000000",
            "netIncome": "-46000000"
        },
        {
            "fiscalDateEnding": "2016-03-31",
            "reportedCurrency": "USD",
            "grossProfit": "-181000000",
            "totalRevenue": "2341000000",
            "costOfRevenue": "2522000000",
            "costofGoodsAndServicesSold": "2436000000",
            "operatingIncome": "-261000000",
            "sellingGeneralAndAdministrative": "69000000",
            "researchAndDevelopment": "None",
            "operatingExpenses": "89000000",
            "investmentIncomeNet": "1000000",
            "netInterestIncome": "-53000000",
            "interestIncome": "None",
            "interestExpense": "53000000",
            "nonInterestIncome": "-9000000",
            "otherNonOperatingIncome": "-13000000",
            "depreciation": "None",
            "depreciationAndAmortization": "2000000",
            "incomeBeforeTax": "-326000000",
            "incomeTaxExpense": "14000000",
            "interestAndDebtExpense": "51000000",
            "netIncomeFromContinuingOperations": "-340000000",
            "comprehensiveIncomeNetOfTax": "-492000000",
            "ebit": "-273000000",
            "ebitda": "-271000000",
            "netIncome": "-340000000"
        },
        {
            "fiscalDateEnding": "2015-12-31",
            "reportedCurrency": "USD",
            "grossProfit": "-234000000",
            "totalRevenue": "2572000000",
            "costOfRevenue": "2806000000",
            "costofGoodsAndServicesSold": "2629000000",
            "operatingIncome": "-453000000",
            "sellingGeneralAndAdministrative": "107000000",
            "researchAndDevelopment": "None",
            "operatingExpenses": "170000000",
            "investmentIncomeNet": "1000000",
            "netInterestIncome": "-54000000",
            "interestIncome": "None",
            "interestExpense": "54000000",
            "nonInterestIncome": "-31000000",
            "otherNonOperatingIncome": "2000000",
            "depreciation": "None",
            "depreciationAndAmortization": "2000000",
            "incomeBeforeTax": "-540000000",
            "incomeTaxExpense": "593000000",
            "interestAndDebtExpense": "90000000",
            "netIncomeFromContinuingOperations": "-1133000000",
            "comprehensiveIncomeNetOfTax": "-734000000",
            "ebit": "-486000000",
            "ebitda": "-484000000",
            "netIncome": "-1133000000"
        },
        {
            "fiscalDateEnding": "2015-09-30",
            "reportedCurrency": "USD",
            "grossProfit": "-28000000",
            "totalRevenue": "2830000000",
            "costOfRevenue": "2858000000",
            "costofGoodsAndServicesSold": "2654000000",
            "operatingIncome": "-170000000",
            "sellingGeneralAndAdministrative": "99000000",
            "researchAndDevelopment": "None",
            "operatingExpenses": "203000000",
            "investmentIncomeNet": "2000000",
            "netInterestIncome": "-56000000",
            "interestIncome": "None",
            "interestExpense": "56000000",
            "nonInterestIncome": "7000000",
            "otherNonOperatingIncome": "1000000",
            "depreciation": "None",
            "depreciationAndAmortization": "2000000",
            "incomeBeforeTax": "-223000000",
            "incomeTaxExpense": "-50000000",
            "interestAndDebtExpense": "56000000",
            "netIncomeFromContinuingOperations": "-173000000",
            "comprehensiveIncomeNetOfTax": "-309000000",
            "ebit": "-167000000",
            "ebitda": "-165000000",
            "netIncome": "-173000000"
        },
        {
            "fiscalDateEnding": "2015-06-30",
            "reportedCurrency": "USD",
            "grossProfit": "-20000000",
            "totalRevenue": "2900000000",
            "costOfRevenue": "2920000000",
            "costofGoodsAndServicesSold": "2792000000",
            "operatingIncome": "-392000000",
            "sellingGeneralAndAdministrative": "107000000",
            "researchAndDevelopment": "None",
            "operatingExpenses": "127000000",
            "investmentIncomeNet": "None",
            "netInterestIncome": "-53000000",
            "interestIncome": "None",
            "interestExpense": "53000000",
            "nonInterestIncome": "1000000",
            "otherNonOperatingIncome": "-2000000",
            "depreciation": "None",
            "depreciationAndAmortization": "2000000",
            "incomeBeforeTax": "-447000000",
            "incomeTaxExpense": "-186000000",
            "interestAndDebtExpense": "53000000",
            "netIncomeFromContinuingOperations": "-261000000",
            "comprehensiveIncomeNetOfTax": "-192000000",
            "ebit": "-394000000",
            "ebitda": "-392000000",
            "netIncome": "-261000000"
        },
        {
            "fiscalDateEnding": "2015-03-31",
            "reportedCurrency": "USD",
            "grossProfit": "-52000000",
            "totalRevenue": "3272000000",
            "costOfRevenue": "3324000000",
            "costofGoodsAndServicesSold": "3066000000",
            "operatingIncome": "-187000000",
            "sellingGeneralAndAdministrative": "102000000",
            "researchAndDevelopment": "None",
            "operatingExpenses": "252000000",
            "investmentIncomeNet": "None",
            "netInterestIncome": "-51000000",
            "interestIncome": "None",
            "interestExpense": "51000000",
            "nonInterestIncome": "1000000",
            "otherNonOperatingIncome": "-11000000",
            "depreciation": "None",
            "depreciationAndAmortization": "2000000",
            "incomeBeforeTax": "-249000000",
            "incomeTaxExpense": "-174000000",
            "interestAndDebtExpense": "51000000",
            "netIncomeFromContinuingOperations": "-75000000",
            "comprehensiveIncomeNetOfTax": "-135000000",
            "ebit": "-198000000",
            "ebitda": "-196000000",
            "netIncome": "-75000000"
        },
        {
            "fiscalDateEnding": "2014-12-31",
            "reportedCurrency": "USD",
            "grossProfit": "230000000",
            "totalRevenue": "4072000000",
            "costOfRevenue": "3842000000",
            "costofGoodsAndServicesSold": "3472000000",
            "operatingIncome": "397000000",
            "sellingGeneralAndAdministrative": "117000000",
            "researchAndDevelopment": "None",
            "operatingExpenses": "366000000",
            "investmentIncomeNet": "8000000",
            "netInterestIncome": "-56000000",
            "interestIncome": "None",
            "interestExpense": "56000000",
            "nonInterestIncome": "2000000",
            "otherNonOperatingIncome": "-2000000",
            "depreciation": "None",
            "depreciationAndAmortization": "2000000",
            "incomeBeforeTax": "347000000",
            "incomeTaxExpense": "72000000",
            "interestAndDebtExpense": "56000000",
            "netIncomeFromContinuingOperations": "275000000",
            "comprehensiveIncomeNetOfTax": "-150000000",
            "ebit": "403000000",
            "ebitda": "405000000",
            "netIncome": "275000000"
        },
        {
            "fiscalDateEnding": "2014-09-30",
            "reportedCurrency": "USD",
            "grossProfit": "611000000",
            "totalRevenue": "4587000000",
            "costOfRevenue": "3976000000",
            "costofGoodsAndServicesSold": "3848000000",
            "operatingIncome": "-141000000",
            "sellingGeneralAndAdministrative": "125000000",
            "researchAndDevelopment": "None",
            "operatingExpenses": "126000000",
            "investmentIncomeNet": "2000000",
            "netInterestIncome": "-57000000",
            "interestIncome": "None",
            "interestExpense": "57000000",
            "nonInterestIncome": "2000000",
            "otherNonOperatingIncome": "-5000000",
            "depreciation": "None",
            "depreciationAndAmortization": "2000000",
            "incomeBeforeTax": "-201000000",
            "incomeTaxExpense": "6000000",
            "interestAndDebtExpense": "57000000",
            "netIncomeFromContinuingOperations": "-207000000",
            "comprehensiveIncomeNetOfTax": "421000000",
            "ebit": "-144000000",
            "ebitda": "-142000000",
            "netIncome": "-207000000"
        },
        {
            "fiscalDateEnding": "2014-06-30",
            "reportedCurrency": "USD",
            "grossProfit": "155000000",
            "totalRevenue": "4400000000",
            "costOfRevenue": "4245000000",
            "costofGoodsAndServicesSold": "4097000000",
            "operatingIncome": "35000000",
            "sellingGeneralAndAdministrative": "143000000",
            "researchAndDevelopment": "None",
            "operatingExpenses": "207000000",
            "investmentIncomeNet": "1000000",
            "netInterestIncome": "-60000000",
            "interestIncome": "None",
            "interestExpense": "60000000",
            "nonInterestIncome": "0",
            "otherNonOperatingIncome": "-5000000",
            "depreciation": "None",
            "depreciationAndAmortization": "3000000",
            "incomeBeforeTax": "-29000000",
            "incomeTaxExpense": "-11000000",
            "interestAndDebtExpense": "60000000",
            "netIncomeFromContinuingOperations": "-18000000",
            "comprehensiveIncomeNetOfTax": "42000000",
            "ebit": "31000000",
            "ebitda": "34000000",
            "netIncome": "-18000000"
        },
        {
            "fiscalDateEnding": "2014-03-31",
            "reportedCurrency": "USD",
            "grossProfit": "269000000",
            "totalRevenue": "4448000000",
            "costOfRevenue": "4179000000",
            "costofGoodsAndServicesSold": "4038000000",
            "operatingIncome": "122000000",
            "sellingGeneralAndAdministrative": "138000000",
            "researchAndDevelopment": "None",
            "operatingExpenses": "167000000",
            "investmentIncomeNet": "1000000",
            "netInterestIncome": "-61000000",
            "interestIncome": "None",
            "interestExpense": "61000000",
            "nonInterestIncome": "36000000",
            "otherNonOperatingIncome": "-9000000",
            "depreciation": "None",
            "depreciationAndAmortization": "2000000",
            "incomeBeforeTax": "53000000",
            "incomeTaxExpense": "1000000",
            "interestAndDebtExpense": "61000000",
            "netIncomeFromContinuingOperations": "52000000",
            "comprehensiveIncomeNetOfTax": "100000000",
            "ebit": "114000000",
            "ebitda": "116000000",
            "netIncome": "52000000"
        },
        {
            "fiscalDateEnding": "2013-12-31",
            "reportedCurrency": "USD",
            "grossProfit": "-164000000",
            "totalRevenue": "4269000000",
            "costOfRevenue": "4433000000",
            "costofGoodsAndServicesSold": "3911000000",
            "operatingIncome": "-229000000",
            "sellingGeneralAndAdministrative": "161000000",
            "researchAndDevelopment": "None",
            "operatingExpenses": "685000000",
            "investmentIncomeNet": "1000000",
            "netInterestIncome": "-62000000",
            "interestIncome": "None",
            "interestExpense": "62000000",
            "nonInterestIncome": "-2000000",
            "otherNonOperatingIncome": "-14000000",
            "depreciation": "None",
            "depreciationAndAmortization": "22000000",
            "incomeBeforeTax": "-304000000",
            "incomeTaxExpense": "-601000000",
            "interestAndDebtExpense": "62000000",
            "netIncomeFromContinuingOperations": "270000000",
            "comprehensiveIncomeNetOfTax": "1603000000",
            "ebit": "-242000000",
            "ebitda": "-220000000",
            "netIncome": "297000000"
        },
        {
            "fiscalDateEnding": "2013-09-30",
            "reportedCurrency": "USD",
            "grossProfit": "-1558000000",
            "totalRevenue": "4131000000",
            "costOfRevenue": "5689000000",
            "costofGoodsAndServicesSold": "3749000000",
            "operatingIncome": "-1702000000",
            "sellingGeneralAndAdministrative": "153000000",
            "researchAndDevelopment": "None",
            "operatingExpenses": "2001000000",
            "investmentIncomeNet": "0",
            "netInterestIncome": "-61000000",
            "interestIncome": "None",
            "interestExpense": "61000000",
            "nonInterestIncome": "-3000000",
            "otherNonOperatingIncome": "-24000000",
            "depreciation": "None",
            "depreciationAndAmortization": "3000000",
            "incomeBeforeTax": "-1787000000",
            "incomeTaxExpense": "4000000",
            "interestAndDebtExpense": "61000000",
            "netIncomeFromContinuingOperations": "-1791000000",
            "comprehensiveIncomeNetOfTax": "-1701000000",
            "ebit": "-1726000000",
            "ebitda": "-1723000000",
            "netIncome": "-1791000000"
        },
        {
            "fiscalDateEnding": "2013-06-30",
            "reportedCurrency": "USD",
            "grossProfit": "162000000",
            "totalRevenue": "4429000000",
            "costOfRevenue": "4267000000",
            "costofGoodsAndServicesSold": "4114000000",
            "operatingIncome": "-7000000",
            "sellingGeneralAndAdministrative": "151000000",
            "researchAndDevelopment": "None",
            "operatingExpenses": "219000000",
            "investmentIncomeNet": "1000000",
            "netInterestIncome": "-58000000",
            "interestIncome": "None",
            "interestExpense": "58000000",
            "nonInterestIncome": "1000000",
            "otherNonOperatingIncome": "-11000000",
            "depreciation": "None",
            "depreciationAndAmortization": "2000000",
            "incomeBeforeTax": "-75000000",
            "incomeTaxExpense": "3000000",
            "interestAndDebtExpense": "58000000",
            "netIncomeFromContinuingOperations": "-78000000",
            "comprehensiveIncomeNetOfTax": "10000000",
            "ebit": "-17000000",
            "ebitda": "-15000000",
            "netIncome": "-78000000"
        },
        {
            "fiscalDateEnding": "2013-03-31",
            "reportedCurrency": "USD",
            "grossProfit": "205000000",
            "totalRevenue": "4595000000",
            "costOfRevenue": "4390000000",
            "costofGoodsAndServicesSold": "4242000000",
            "operatingIncome": "38000000",
            "sellingGeneralAndAdministrative": "145000000",
            "researchAndDevelopment": "None",
            "operatingExpenses": "233000000",
            "investmentIncomeNet": "1000000",
            "netInterestIncome": "-85000000",
            "interestIncome": "None",
            "interestExpense": "85000000",
            "nonInterestIncome": "-1000000",
            "otherNonOperatingIncome": "-20000000",
            "depreciation": "None",
            "depreciationAndAmortization": "3000000",
            "incomeBeforeTax": "-66000000",
            "incomeTaxExpense": "7000000",
            "interestAndDebtExpense": "85000000",
            "netIncomeFromContinuingOperations": "-73000000",
            "comprehensiveIncomeNetOfTax": "-41000000",
            "ebit": "19000000",
            "ebitda": "22000000",
            "netIncome": "-73000000"
        },
        {
            "fiscalDateEnding": "2012-12-31",
            "reportedCurrency": "USD",
            "grossProfit": "136000000",
            "totalRevenue": "4487000000",
            "costOfRevenue": "4351000000",
            "costofGoodsAndServicesSold": "4194000000",
            "operatingIncome": "5000000",
            "sellingGeneralAndAdministrative": "164000000",
            "researchAndDevelopment": "None",
            "operatingExpenses": "287000000",
            "investmentIncomeNet": "1000000",
            "netInterestIncome": "-54000000",
            "interestIncome": "None",
            "interestExpense": "54000000",
            "nonInterestIncome": "-5000000",
            "otherNonOperatingIncome": "-11000000",
            "depreciation": "None",
            "depreciationAndAmortization": "19000000",
            "incomeBeforeTax": "-58000000",
            "incomeTaxExpense": "-8000000",
            "interestAndDebtExpense": "54000000",
            "netIncomeFromContinuingOperations": "-51000000",
            "comprehensiveIncomeNetOfTax": "-387000000",
            "ebit": "-4000000",
            "ebitda": "15000000",
            "netIncome": "-50000000"
        },
        {
            "fiscalDateEnding": "2012-09-30",
            "reportedCurrency": "USD",
            "grossProfit": "170000000",
            "totalRevenue": "4652000000",
            "costOfRevenue": "4482000000",
            "costofGoodsAndServicesSold": "4318000000",
            "operatingIncome": "62000000",
            "sellingGeneralAndAdministrative": "159000000",
            "researchAndDevelopment": "None",
            "operatingExpenses": "225000000",
            "investmentIncomeNet": "1000000",
            "netInterestIncome": "-45000000",
            "interestIncome": "None",
            "interestExpense": "45000000",
            "nonInterestIncome": "7000000",
            "otherNonOperatingIncome": "-1000000",
            "depreciation": "None",
            "depreciationAndAmortization": "3000000",
            "incomeBeforeTax": "17000000",
            "incomeTaxExpense": "-27000000",
            "interestAndDebtExpense": "45000000",
            "netIncomeFromContinuingOperations": "44000000",
            "comprehensiveIncomeNetOfTax": "328000000",
            "ebit": "62000000",
            "ebitda": "65000000",
            "netIncome": "44000000"
        },
        {
            "fiscalDateEnding": "2012-06-30",
            "reportedCurrency": "USD",
            "grossProfit": "359000000",
            "totalRevenue": "5017000000",
            "costOfRevenue": "4658000000",
            "costofGoodsAndServicesSold": "4485000000",
            "operatingIncome": "253000000",
            "sellingGeneralAndAdministrative": "165000000",
            "researchAndDevelopment": "None",
            "operatingExpenses": "257000000",
            "investmentIncomeNet": "1000000",
            "netInterestIncome": "-66000000",
            "interestIncome": "None",
            "interestExpense": "66000000",
            "nonInterestIncome": "-10000000",
            "otherNonOperatingIncome": "-17000000",
            "depreciation": "None",
            "depreciationAndAmortization": "2000000",
            "incomeBeforeTax": "171000000",
            "incomeTaxExpense": "70000000",
            "interestAndDebtExpense": "66000000",
            "netIncomeFromContinuingOperations": "101000000",
            "comprehensiveIncomeNetOfTax": "76000000",
            "ebit": "237000000",
            "ebitda": "239000000",
            "netIncome": "101000000"
        },
        {
            "fiscalDateEnding": "2012-03-31",
            "reportedCurrency": "USD",
            "grossProfit": "370000000",
            "totalRevenue": "5172000000",
            "costOfRevenue": "4802000000",
            "costofGoodsAndServicesSold": "4626000000",
            "operatingIncome": "-73000000",
            "sellingGeneralAndAdministrative": "173000000",
            "researchAndDevelopment": "None",
            "operatingExpenses": "532000000",
            "investmentIncomeNet": "4000000",
            "netInterestIncome": "-49000000",
            "interestIncome": "None",
            "interestExpense": "49000000",
            "nonInterestIncome": "-308000000",
            "otherNonOperatingIncome": "-5000000",
            "depreciation": "None",
            "depreciationAndAmortization": "3000000",
            "incomeBeforeTax": "-123000000",
            "incomeTaxExpense": "96000000",
            "interestAndDebtExpense": "49000000",
            "netIncomeFromContinuingOperations": "-219000000",
            "comprehensiveIncomeNetOfTax": "-42000000",
            "ebit": "-74000000",
            "ebitda": "-71000000",
            "netIncome": "-219000000"
        },
        {
            "fiscalDateEnding": "2011-12-31",
            "reportedCurrency": "USD",
            "grossProfit": "-35000000",
            "totalRevenue": "4819000000",
            "costOfRevenue": "4854000000",
            "costofGoodsAndServicesSold": "4647000000",
            "operatingIncome": "-143000000",
            "sellingGeneralAndAdministrative": "183000000",
            "researchAndDevelopment": "None",
            "operatingExpenses": "351000000",
            "investmentIncomeNet": "2000000",
            "netInterestIncome": "-45000000",
            "interestIncome": "None",
            "interestExpense": "45000000",
            "nonInterestIncome": "-38000000",
            "otherNonOperatingIncome": "-59000000",
            "depreciation": "None",
            "depreciationAndAmortization": "8000000",
            "incomeBeforeTax": "-245000000",
            "incomeTaxExpense": "-34000000",
            "interestAndDebtExpense": "45000000",
            "netIncomeFromContinuingOperations": "-211000000",
            "comprehensiveIncomeNetOfTax": "-669000000",
            "ebit": "-200000000",
            "ebitda": "-192000000",
            "netIncome": "-211000000"
        },
        {
            "fiscalDateEnding": "2011-09-30",
            "reportedCurrency": "USD",
            "grossProfit": "335000000",
            "totalRevenue": "5081000000",
            "costOfRevenue": "4746000000",
            "costofGoodsAndServicesSold": "4560000000",
            "operatingIncome": "199000000",
            "sellingGeneralAndAdministrative": "181000000",
            "researchAndDevelopment": "None",
            "operatingExpenses": "241000000",
            "investmentIncomeNet": "1000000",
            "netInterestIncome": "-47000000",
            "interestIncome": "None",
            "interestExpense": "47000000",
            "nonInterestIncome": "-92000000",
            "otherNonOperatingIncome": "-98000000",
            "depreciation": "None",
            "depreciationAndAmortization": "2000000",
            "incomeBeforeTax": "55000000",
            "incomeTaxExpense": "33000000",
            "interestAndDebtExpense": "47000000",
            "netIncomeFromContinuingOperations": "22000000",
            "comprehensiveIncomeNetOfTax": "-47000000",
            "ebit": "102000000",
            "ebitda": "104000000",
            "netIncome": "22000000"
        },
        {
            "fiscalDateEnding": "2011-06-30",
            "reportedCurrency": "USD",
            "grossProfit": "429000000",
            "totalRevenue": "5120000000",
            "costOfRevenue": "4691000000",
            "costofGoodsAndServicesSold": "4498000000",
            "operatingIncome": "300000000",
            "sellingGeneralAndAdministrative": "189000000",
            "researchAndDevelopment": "None",
            "operatingExpenses": "245000000",
            "investmentIncomeNet": "1000000",
            "netInterestIncome": "-48000000",
            "interestIncome": "None",
            "interestExpense": "48000000",
            "nonInterestIncome": "45000000",
            "otherNonOperatingIncome": "34000000",
            "depreciation": "None",
            "depreciationAndAmortization": "3000000",
            "incomeBeforeTax": "287000000",
            "incomeTaxExpense": "65000000",
            "interestAndDebtExpense": "48000000",
            "netIncomeFromContinuingOperations": "301000000",
            "comprehensiveIncomeNetOfTax": "311000000",
            "ebit": "335000000",
            "ebitda": "338000000",
            "netIncome": "222000000"
        },
        {
            "fiscalDateEnding": "2011-03-31",
            "reportedCurrency": "USD",
            "grossProfit": "63000000",
            "totalRevenue": "4864000000",
            "costOfRevenue": "4801000000",
            "costofGoodsAndServicesSold": "4621000000",
            "operatingIncome": "-91000000",
            "sellingGeneralAndAdministrative": "180000000",
            "researchAndDevelopment": "None",
            "operatingExpenses": "228000000",
            "investmentIncomeNet": "2000000",
            "netInterestIncome": "-50000000",
            "interestIncome": "None",
            "interestExpense": "50000000",
            "nonInterestIncome": "83000000",
            "otherNonOperatingIncome": "69000000",
            "depreciation": "None",
            "depreciationAndAmortization": "3000000",
            "incomeBeforeTax": "-70000000",
            "incomeTaxExpense": "16000000",
            "interestAndDebtExpense": "50000000",
            "netIncomeFromContinuingOperations": "-28000000",
            "comprehensiveIncomeNetOfTax": "53000000",
            "ebit": "-20000000",
            "ebitda": "-17000000",
            "netIncome": "-86000000"
        },
        {
            "fiscalDateEnding": "2010-12-31",
            "reportedCurrency": "USD",
            "grossProfit": "4300000000",
            "totalRevenue": "4300000000",
            "costOfRevenue": "4297000000",
            "costofGoodsAndServicesSold": "4115000000",
            "operatingIncome": "-114000000",
            "sellingGeneralAndAdministrative": "162000000",
            "researchAndDevelopment": "None",
            "operatingExpenses": "510000000",
            "investmentIncomeNet": "2000000",
            "netInterestIncome": "-50000000",
            "interestIncome": "None",
            "interestExpense": "50000000",
            "nonInterestIncome": "40000000",
            "otherNonOperatingIncome": "-46000000",
            "depreciation": "None",
            "depreciationAndAmortization": "168000000",
            "incomeBeforeTax": "-208000000",
            "incomeTaxExpense": "41000000",
            "interestAndDebtExpense": "50000000",
            "netIncomeFromContinuingOperations": "-114000000",
            "comprehensiveIncomeNetOfTax": "-437000000",
            "ebit": "-158000000",
            "ebitda": "15000000",
            "netIncome": "-249000000"
        },
        {
            "fiscalDateEnding": "2010-09-30",
            "reportedCurrency": "USD",
            "grossProfit": "28000000",
            "totalRevenue": "4497000000",
            "costOfRevenue": "4469000000",
            "costofGoodsAndServicesSold": "4321000000",
            "operatingIncome": "-138000000",
            "sellingGeneralAndAdministrative": "148000000",
            "researchAndDevelopment": "None",
            "operatingExpenses": "227000000",
            "investmentIncomeNet": "1000000",
            "netInterestIncome": "-50000000",
            "interestIncome": "None",
            "interestExpense": "50000000",
            "nonInterestIncome": "120000000",
            "otherNonOperatingIncome": "127000000",
            "depreciation": "None",
            "depreciationAndAmortization": "163000000",
            "incomeBeforeTax": "-60000000",
            "incomeTaxExpense": "-9000000",
            "interestAndDebtExpense": "50000000",
            "netIncomeFromContinuingOperations": "-119000000",
            "comprehensiveIncomeNetOfTax": "14000000",
            "ebit": "-10000000",
            "ebitda": "44000000",
            "netIncome": "-51000000"
        },
        {
            "fiscalDateEnding": "2010-06-30",
            "reportedCurrency": "USD",
            "grossProfit": "345000000",
            "totalRevenue": "4681000000",
            "costOfRevenue": "4336000000",
            "costofGoodsAndServicesSold": "4184000000",
            "operatingIncome": "198000000",
            "sellingGeneralAndAdministrative": "152000000",
            "researchAndDevelopment": "None",
            "operatingExpenses": "202000000",
            "investmentIncomeNet": "1000000",
            "netInterestIncome": "-52000000",
            "interestIncome": "None",
            "interestExpense": "52000000",
            "nonInterestIncome": "-91000000",
            "otherNonOperatingIncome": "-99000000",
            "depreciation": "None",
            "depreciationAndAmortization": "162000000",
            "incomeBeforeTax": "47000000",
            "incomeTaxExpense": "72000000",
            "interestAndDebtExpense": "52000000",
            "netIncomeFromContinuingOperations": "136000000",
            "comprehensiveIncomeNetOfTax": "-126000000",
            "ebit": "99000000",
            "ebitda": "347000000",
            "netIncome": "-25000000"
        },
        {
            "fiscalDateEnding": "2010-03-31",
            "reportedCurrency": "USD",
            "grossProfit": "109000000",
            "totalRevenue": "3896000000",
            "costOfRevenue": "3787000000",
            "costofGoodsAndServicesSold": "3639000000",
            "operatingIncome": "-57000000",
            "sellingGeneralAndAdministrative": "148000000",
            "researchAndDevelopment": "None",
            "operatingExpenses": "41000000",
            "investmentIncomeNet": "3000000",
            "netInterestIncome": "-43000000",
            "interestIncome": "None",
            "interestExpense": "43000000",
            "nonInterestIncome": "-60000000",
            "otherNonOperatingIncome": "-68000000",
            "depreciation": "None",
            "depreciationAndAmortization": "165000000",
            "incomeBeforeTax": "-164000000",
            "incomeTaxExpense": "-7000000",
            "interestAndDebtExpense": "43000000",
            "netIncomeFromContinuingOperations": "-52000000",
            "comprehensiveIncomeNetOfTax": "-157000000",
            "ebit": "-121000000",
            "ebitda": "107000000",
            "netIncome": "-157000000"
        },
        {
            "fiscalDateEnding": "2009-12-31",
            "reportedCurrency": "USD",
            "grossProfit": "3354000000",
            "totalRevenue": "3354000000",
            "costOfRevenue": "3506000000",
            "costofGoodsAndServicesSold": "3348000000",
            "operatingIncome": "-329000000",
            "sellingGeneralAndAdministrative": "158000000",
            "researchAndDevelopment": "None",
            "operatingExpenses": "172000000",
            "investmentIncomeNet": "5000000",
            "netInterestIncome": "-43000000",
            "interestIncome": "None",
            "interestExpense": "43000000",
            "nonInterestIncome": "-19000000",
            "otherNonOperatingIncome": "None",
            "depreciation": "None",
            "depreciationAndAmortization": "177000000",
            "incomeBeforeTax": "-384000000",
            "incomeTaxExpense": "-117000000",
            "interestAndDebtExpense": "43000000",
            "netIncomeFromContinuingOperations": "-329000000",
            "comprehensiveIncomeNetOfTax": "-267000000",
            "ebit": "-341000000",
            "ebitda": "-135000000",
            "netIncome": "-267000000"
        },
        {
            "fiscalDateEnding": "2009-09-30",
            "reportedCurrency": "USD",
            "grossProfit": "-248000000",
            "totalRevenue": "2817000000",
            "costOfRevenue": "3065000000",
            "costofGoodsAndServicesSold": "2902000000",
            "operatingIncome": "-412000000",
            "sellingGeneralAndAdministrative": "163000000",
            "researchAndDevelopment": "None",
            "operatingExpenses": "204000000",
            "investmentIncomeNet": "2000000",
            "netInterestIncome": "-42000000",
            "interestIncome": "None",
            "interestExpense": "42000000",
            "nonInterestIncome": "21000000",
            "otherNonOperatingIncome": "None",
            "depreciation": "None",
            "depreciationAndAmortization": "167000000",
            "incomeBeforeTax": "-433000000",
            "incomeTaxExpense": "-130000000",
            "interestAndDebtExpense": "42000000",
            "netIncomeFromContinuingOperations": "-281000000",
            "comprehensiveIncomeNetOfTax": "-303000000",
            "ebit": "-391000000",
            "ebitda": "-229000000",
            "netIncome": "-303000000"
        },
        {
            "fiscalDateEnding": "2009-06-30",
            "reportedCurrency": "USD",
            "grossProfit": "-367000000",
            "totalRevenue": "2127000000",
            "costOfRevenue": "2494000000",
            "costofGoodsAndServicesSold": "2340000000",
            "operatingIncome": "-465000000",
            "sellingGeneralAndAdministrative": "154000000",
            "researchAndDevelopment": "None",
            "operatingExpenses": "156000000",
            "investmentIncomeNet": "1000000",
            "netInterestIncome": "-38000000",
            "interestIncome": "None",
            "interestExpense": "38000000",
            "nonInterestIncome": "32000000",
            "otherNonOperatingIncome": "None",
            "depreciation": "None",
            "depreciationAndAmortization": "159000000",
            "incomeBeforeTax": "-474000000",
            "incomeTaxExpense": "-82000000",
            "interestAndDebtExpense": "38000000",
            "netIncomeFromContinuingOperations": "-392000000",
            "comprehensiveIncomeNetOfTax": "-392000000",
            "ebit": "-436000000",
            "ebitda": "-313000000",
            "netIncome": "-392000000"
        },
        {
            "fiscalDateEnding": "2009-03-31",
            "reportedCurrency": "USD",
            "grossProfit": "-257000000",
            "totalRevenue": "2750000000",
            "costOfRevenue": "3007000000",
            "costofGoodsAndServicesSold": "3007000000",
            "operatingIncome": "-478000000",
            "sellingGeneralAndAdministrative": "143000000",
            "researchAndDevelopment": "None",
            "operatingExpenses": "297000000",
            "investmentIncomeNet": "None",
            "netInterestIncome": "None",
            "interestIncome": "None",
            "interestExpense": "36000000",
            "nonInterestIncome": "None",
            "otherNonOperatingIncome": "None",
            "depreciation": "None",
            "depreciationAndAmortization": "158000000",
            "incomeBeforeTax": "-549000000",
            "incomeTaxExpense": "-110000000",
            "interestAndDebtExpense": "None",
            "netIncomeFromContinuingOperations": "None",
            "comprehensiveIncomeNetOfTax": "None",
            "ebit": "-513000000",
            "ebitda": "-452000000",
            "netIncome": "-439000000"
        },
        {
            "fiscalDateEnding": "2008-12-31",
            "reportedCurrency": "USD",
            "grossProfit": "678000000",
            "totalRevenue": "4502000000",
            "costOfRevenue": "3887000000",
            "costofGoodsAndServicesSold": "3831000000",
            "operatingIncome": "522000000",
            "sellingGeneralAndAdministrative": "161000000",
            "researchAndDevelopment": "None",
            "operatingExpenses": "153000000",
            "investmentIncomeNet": "None",
            "netInterestIncome": "None",
            "interestIncome": "None",
            "interestExpense": "41000000",
            "nonInterestIncome": "None",
            "otherNonOperatingIncome": "None",
            "depreciation": "None",
            "depreciationAndAmortization": "141000000",
            "incomeBeforeTax": "491000000",
            "incomeTaxExpense": "201000000",
            "interestAndDebtExpense": "None",
            "netIncomeFromContinuingOperations": "None",
            "comprehensiveIncomeNetOfTax": "None",
            "ebit": "532000000",
            "ebitda": "657000000",
            "netIncome": "290000000"
        },
        {
            "fiscalDateEnding": "2008-09-30",
            "reportedCurrency": "USD",
            "grossProfit": "1560000000",
            "totalRevenue": "7312000000",
            "costOfRevenue": "5752000000",
            "costofGoodsAndServicesSold": "5752000000",
            "operatingIncome": "1327000000",
            "sellingGeneralAndAdministrative": "151000000",
            "researchAndDevelopment": "None",
            "operatingExpenses": "290000000",
            "investmentIncomeNet": "None",
            "netInterestIncome": "None",
            "interestIncome": "None",
            "interestExpense": "40000000",
            "nonInterestIncome": "None",
            "otherNonOperatingIncome": "None",
            "depreciation": "None",
            "depreciationAndAmortization": "149000000",
            "incomeBeforeTax": "1258000000",
            "incomeTaxExpense": "339000000",
            "interestAndDebtExpense": "None",
            "netIncomeFromContinuingOperations": "None",
            "comprehensiveIncomeNetOfTax": "None",
            "ebit": "1298000000",
            "ebitda": "1464000000",
            "netIncome": "919000000"
        },
        {
            "fiscalDateEnding": "2008-06-30",
            "reportedCurrency": "USD",
            "grossProfit": "1247000000",
            "totalRevenue": "6744000000",
            "costOfRevenue": "5497000000",
            "costofGoodsAndServicesSold": "5497000000",
            "operatingIncome": "954000000",
            "sellingGeneralAndAdministrative": "171000000",
            "researchAndDevelopment": "None",
            "operatingExpenses": "328000000",
            "investmentIncomeNet": "None",
            "netInterestIncome": "None",
            "interestIncome": "None",
            "interestExpense": "42000000",
            "nonInterestIncome": "None",
            "otherNonOperatingIncome": "None",
            "depreciation": "None",
            "depreciationAndAmortization": "159000000",
            "incomeBeforeTax": "923000000",
            "incomeTaxExpense": "255000000",
            "interestAndDebtExpense": "None",
            "netIncomeFromContinuingOperations": "None",
            "comprehensiveIncomeNetOfTax": "None",
            "ebit": "965000000",
            "ebitda": "1129000000",
            "netIncome": "668000000"
        }
    ]
}